1071 1573
424 252 508 268 73-

196 297 276 314 Romanu
282 295 321 319 jam
327 295 456 313 evanescebat:
466 295 510 319 quid
519 296 700 314 multa?humanitas
707 296 755 320 apud

196 329 328 352 Lugdunenses
342 330 359 347 et
371 329 513 352 Burdigalenses
527 329 545 347 in
559 329 663 348 libertatem
680 331 756 348 evocata

196 363 249 387 quasi
257 363 280 381 ab
290 362 362 386 integro
372 362 459 384 ssorebnt;
469 363 568 387 scriptores
579 363 617 381 sive
625 363 709 382 historici
717 363 755 381 sive

196 398 259 421 poetae
277 398 361 415 veterum
380 397 483 420 temporum
502 396 613 419 elegantiam
634 397 753 421 leporemque

195 430 330 448 contendebant
341 430 359 448 in
369 430 429 448 lucem
439 429 473 454 ipsi
484 430 573 454 proferre.

219 464 270 486 Quod
284 465 346 482 antem
356 464 379 482 ed
386 463 493 482 Marcellum
508 465 584 487 spectat,
593 464 640 482 adde
650 464 699 488 quod
709 464 756 482 Scri-

195 498 271 516 bonium
285 499 303 516 et
314 497 473 522 pseudo-Plinium
484 497 568 521 pluribus
580 498 599 516 in
613 498 658 516 locis
673 498 755 516 imitatus

197 532 225 549 est
234 531 262 549 vel
273 531 328 549 etiam
339 530 467 555 transcripsit;
478 537 533 555 porro
542 531 590 549 atter
598 531 642 555 Gajo
650 533 668 549 et
678 531 754 549 Claudio

197 566 287 588 regnante
294 564 391 587 scribebaty
399 564 445 583 alter
453 564 528 583 incertis
534 564 655 588 temporibus,
666 565 698 583 sed
703 564 755 583 illum

197 598 276 616 maxime
284 599 357 617 secutus
364 598 444 616 Plinium
452 598 559 622 quiNerone
567 598 702 622 etVespasiano
708 598 756 622 prin-

198 632 269 656 cipibus
279 632 387 650 Naturalem
395 632 495 650 Historiam
503 631 614 655 composuit.
624 631 697 650 Scilicet
707 632 755 650 haud

197 665 223 683 ita
231 665 302 690 pridem
309 665 347 683 divi
353 665 431 689 Augusti
439 665 522 684 seculum
531 665 639 688 defluxerat,
649 665 757 689 vigebatque

196 699 214 717 in
225 699 307 717 virorum
316 699 410 717 mentibus
416 699 718 723 praesertimquepuerurumtotus
727 698 757 716 ille

198 733 232 751 flos
240 733 335 757 proximae
343 732 408 751 aetatis
416 739 421 755 ;
429 733 518 757 profecto,
527 738 565 751 non
573 732 619 751 adeo
629 734 701 751 veteres
706 734 759 751 erant

199 772 263 784 omues
274 772 284 784 u
298 766 385 784 Cicerone
398 766 420 784 ad
430 766 526 784 Horatium
539 766 647 790 scriptores⁷
659 772 705 790 quos
722 772 758 784 non

200 800 260 818 solum
270 800 352 824 legerant
363 801 380 818 et
393 800 489 818 coluerant
497 799 577 818 Neronis
590 800 682 823 aequales,
694 805 758 818 verum

199 834 254 852 etiam
264 835 369 857 carpserant
380 833 445 852 acerbe
453 834 470 851 et
478 839 551 852 summa
561 833 579 851 vi
586 833 694 857 petiverant.
707 833 758 851 Unde

197 866 307 891 plerumque
322 873 345 885 ex
364 867 419 885 cleris
436 866 541 888 clarissimi,
559 868 613 890 atque
627 872 649 884 ex
666 866 758 885 veteribus

198 900 314 919 immortales
323 900 351 919 illi
362 900 405 919 facti
413 902 457 919 sunt
468 902 486 919 et
495 900 598 919 constituti.
609 900 695 919 Ceterum
702 900 759 919 tantis

198 934 356 959 disputationibus
363 934 529 958 certaminibusque
536 933 564 952 illi
571 939 635 952 omnes
641 933 760 952 abstinebant

198 967 230 992 qui
241 969 317 992 propter
327 968 362 986 hoc
373 967 435 986 solum
446 967 558 990 scribebant,
569 968 589 986 ut
601 967 689 986 lectorem
699 967 756 986 scien-

197 1001 242 1020 tium
256 1001 368 1020 naturalium
379 1001 509 1025 quaestionum
518 1001 606 1019 docerent
618 1002 650 1019 aut
658 1001 759 1025 sapientiae

198 1035 343 1059 prudentiaeque
356 1034 459 1059 praeceptis
472 1036 618 1053 commonerent.
633 1035 700 1053 Parum
708 1035 760 1054 cordi

198 1070 237 1087 erat
243 1068 312 1091 Plinio,
320 1074 425 1093 quanquam
431 1069 451 1087 ut
458 1068 496 1087 illis
502 1068 617 1093 temporibus
624 1068 758 1091 eruditissimo,
786 1078 789 1080 -

198 1104 260 1121 utrum
268 1102 335 1126 longae
342 1102 489 1127 producerentur
493 1107 517 1120 an
524 1101 618 1120 breviores
623 1101 761 1126 corriperentur

200 1136 310 1159 sententiae,
320 1136 350 1155 vel
363 1137 404 1155 uter
415 1135 503 1154 Cicerone
512 1141 536 1154 an
546 1135 615 1154 Seneca
623 1135 697 1160 dignior
709 1137 758 1155 esset

202 1176 257 1194 quem
266 1170 284 1188 in
295 1169 394 1188 scribendo
407 1171 527 1193 sequeretur;
542 1175 601 1193 neque
609 1169 628 1188 in
641 1169 689 1188 libro
700 1175 734 1188 suo
741 1170 761 1188 de

201 1204 277 1222 Historia
296 1204 377 1222 Naturali
396 1203 450 1222 valde
466 1203 558 1227 cogitabat
571 1204 591 1221 ut
605 1202 653 1221 illud
669 1203 760 1222 famosum
777 1207 779 1209 “

203 1244 212 1255 ιι
219 1243 261 1256 esse
268 1237 366 1256 videatur»
375 1237 477 1256 clausulam
482 1236 561 1255 orationi
566 1238 650 1255 accurate
655 1236 760 1261 imponeret

202 1276 225 1294 en
235 1270 336 1289 accerrime
345 1270 464 1295 vituperaret.
475 1270 517 1289 Non
530 1270 579 1294 quod
596 1270 648 1289 rudis
663 1272 712 1289 esset
727 1273 758 1289 aut
