3706 5748
945 629 1140 698 ..86-

524 823 554 880 p.
570 807 614 877 912,
631 807 661 864 ‘M
679 822 686 862 :
708 807 837 882 collyria·
850 803 922 860 inde
936 775 1093 872 formabis.

995 922 1057 978 quo
1086 906 1259 989 clarissime
1289 915 1417 982 apparet
1448 910 1607 982 quomodo

996 995 1152 1052 ablativus
1188 1002 1218 1054 et
1251 1001 1416 1069 genetivus
1453 1001 1534 1056 inter
1572 1016 1606 1056 se

994 1087 1152 1160 commixti
1168 1087 1241 1142 sint.

523 972 551 1026 p.
569 954 613 1020 94,
630 956 667 1009 7:
689 953 761 1008 inde
775 953 933 1018 infundes.

523 1061 553 1116 p.
569 1043 614 1107 94,
632 1041 669 1098 8:
690 1041 761 1097 inde
778 1045 887 1099 dituee.

521 1204 550 1260 p.
567 1185 611 1255 95,
626 1185 664 1242 t:
685 1183 758 1242 inde
774 1189 958 1242 instilletur.

483 1387 572 1459 [tem
587 1385 750 1482 reperias
769 1388 848 1456 inde
863 1408 947 1458 oum
960 1389 1126 1478 irripere,
1142 1387 1267 1473 eluere,
1288 1387 1438 1479 inficere,
1460 1389 1605 1478 fricare,
1638 1474 1642 1480 Ι
1663 1367 1666 1374 ’

485 1522 579 1609 dore,
600 1523 954 1620 curaraconttoqere,
973 1533 1126 1612 pastore,
1140 1521 1316 1609 deuorare,
1329 1524 1407 1593 eto.
1427 1519 1480 1594 Cs.
1497 1519 1609 1593 etiam
1699 1500 1701 1508 ¹

486 1653 657 1751 exempla
675 1655 789 1727 haec:

520 1878 551 1933 p.
568 1860 630 1928 178,
646 1861 702 1918 28:
723 1863 887 1926 cribrante,
911 1867 1000 1931 atque
1022 1860 1094 1916 inde
1119 1865 1252 1917 cocleare
1277 1877 1377 1916 anaim
1392 1876 1462 1917 cum
1484 1877 1547 1915 uno
1564 1876 1610 1915 co-

486 1950 579 2004 cleari
592 1951 695 2004 mettio
705 1954 734 2002 et
748 1964 845 2017 aquae
858 1951 975 2003 calidae
989 1951 1108 2018 cyathis
1119 1951 1238 2005 duobus
1251 1952 1360 2019 jejuno
1375 1952 1414 2004 ad
1431 1953 1513 2004 diem
1524 1951 1609 2004 debis

486 2037 600 2110 (nonne
616 2037 667 2092 hic
682 2053 754 2093 vere
770 2041 907 2110 genetivi
924 2038 1027 2093 locum
1043 2042 1131 2094 tenet
1151 2037 1338 2094 adverbium
1352 2041 1425 2094 inde
1439 2039 1472 2110 t).

521 2144 552 2199 p.
570 2127 630 2192 197,
647 2126 680 2183 23
699 2144 704 2180 :
722 2129 836 2182 dantur
853 2126 924 2182 inde
940 2130 1096 2184 coclearia.

522 2233 552 2288 p.
569 2215 632 2283 201,
649 2215 703 2270 10:
720 2214 792 2269 inde
806 2231 879 2284 pere
899 2222 983 2271 sexta
1003 2218 1138 2272 decedat.

522 2321 552 2378 p.
568 2304 631 2374 295,
648 2304 681 2360 13
697 2321 703 2360 :
721 2303 792 2359 inde
807 2308 940 2361 cocleare
955 2308 1117 2375 accipitur.

522 2412 553 2468 p.
569 2394 632 2461 230,
648 2394 682 2450 23
699 2411 705 2452 :
722 2397 759 2450 de
780 2396 845 2464 lupe·
865 2397 1016 2464 praeda...
1031 2397 1142 2465 pellem
1156 2398 1202 2452 vel
1226 2411 1258 2452 oe
1273 2397 1412 2464 celtice...
1430 2402 1458 2451 et
1481 2397 1607 2464 parendo

487 2486 603 2553 aliquis
618 2487 707 2554 jecur
722 2485 866 2546 doluerit,
881 2483 952 2540 inde
965 2500 1035 2539 earn
1057 2489 1155 2554 tanea.
1312 2484 1315 2489 ’

488 2667 570 2764 (Hic
595 2670 684 2757 iude,
704 2671 743 2740 ut
764 2666 885 2740 cetera
909 2667 1200 2742 demonstrativa
1219 2667 1451 2764 pronomina,
1467 2669 1606 2766 aliquid

488 2801 745 2877 anteadictum
768 2800 986 2898 simpliciter
1009 2802 1306 2904 commemoret.)

523 3034 555 3090 p.
571 3016 634 3087 267,
652 3017 684 3073 ‘a
701 3037 707 3073 :
725 3017 797 3074 inde
812 3035 884 3075 curn
898 3035 974 3088 opus
988 3023 1086 3086 suerit
1099 3022 1196 3077 debis.

490 3217 568 3313 (ubi
600 3217 795 3290 indc'sine
835 3218 1085 3292 controversie
1118 3219 1264 3294 duobus
1300 3220 1436 3304 verbis,
1468 3221 1607 3296 scilicet

489 3377 571 3445 opus
598 3356 707 3446 fuerit
739 3357 775 3426 et
803 3356 914 3442 datis,
940 3353 1147 3449 subjectum
1179 3360 1262 3444 est;
1300 3379 1385 3428 nam
1426 3355 1457 3428 si
1498 3357 1609 3428 alteri

489 3485 746 3560 tantummodo
808 3485 1015 3583 subjectum
1068 3494 1184 3578 esset,
1235 3477 1601 3564 commemorandum

490 3621 622 3694 fuisset
641 3623 725 3692 ante
760 3618 930 3708 alterum,
961 3623 1165 3696 secundum
1185 3629 1416 3698 constantem
1447 3625 1609 3698 Marcelli

490 3756 1611 3854 consuetudinem).Plurimaejusdemmodiexemplaret‘erre

490 3889 590 3978 licet,
615 3890 749 3986 quibus
779 3914 867 3964 sane
905 3892 1166 3989 comprobatur
1198 3890 1416 3965 adverbium
1439 3895 1516 3964 inde
1533 3893 1611 3988 jam

490 4009 722 4120 pronominis
758 4025 1037 4101 demonstrativi
1074 4027 1155 4102 loeo
1181 4025 1360 4116 inscribi,
1387 4049 1611 4122 casuumque

492 4157 650 4255 genetivi
680 4164 716 4232 et
733 4156 884 4233 ablativi
911 4170 946 4234 et
965 4134 1276 4250 instrumentalis,
1304 4161 1453 4234 brevius
1474 4159 1606 4247 dicam,

492 4272 657 4365 omnium
671 4292 710 4365 in
724 4295 937 4401 quaestione
951 4295 1064 4369 unde?
1080 4319 1173 4393 quae
1186 4296 1335 4384 dicitur,
1349 4302 1610 4392 usurpatorum

491 4426 754 4524 pronominum
767 4429 805 4503 in
829 4430 950 4506 locum
967 4431 1203 4506 successisse.
1235 4432 1339 4516 Item,
1356 4431 1435 4518 sed,
1454 4434 1491 4502 ut
1512 4428 1610 4502 arbi-

491 4571 583 4656 tror,
599 4565 704 4666 ἅπαξ,
720 4570 871 4642 ineunte
890 4568 1085 4656 sententia,
1100 4569 1188 4639 ande
1204 4589 1270 4664 pro
1291 4568 1381 4652 inde,
1404 4563 1608 4660 conjuncti-

492 4725 579 4776 vum
594 4726 661 4800 pro
678 4702 968 4778 demonstrativo
981 4699 1182 4798 accipitur:
