3706 5748
748 666 936 734 ..59-

278 868 357 942 oop.
380 867 418 916 v1
437 845 485 948 de.
504 841 684 937 Syotami),
712 845 773 915 eut
788 840 943 938 saepius
973 866 1032 915 res
1055 843 1219 918 maxime
1246 844 1343 918 inter
1361 871 1400 920 se

278 984 524 1076 repugnantes
556 977 749 1071 signifieat,
773 984 812 1050 ut
841 1000 930 1065 'erre
948 983 1111 1066 arridere,
1143 984 1234 1072 lteri,
1262 985 1398 1075 efficere,
1482 1076 1485 1082 Ι

278 1121 346 1188 eto.
360 1112 601 1186 llaeolocutio
614 1111 911 1207 trequentissimo
928 1112 1126 1208 praebetur
1139 1120 1175 1184 et
1191 1112 1399 1208 legentibus

277 1247 436 1324 occurrit
452 1270 460 1319 :

454 1435 518 1489 Hoo
531 1435 603 1489 bene
619 1437 694 1501 feeit
708 1436 747 1489 od
767 1417 942 1489 sanandum
957 1432 1132 1506 (morbum),

452 1525 536 1578 Bene
548 1525 622 1589 facit
636 1527 664 1578 si
674 1522 837 1615 infuderis,

453 1614 543 1668 Facit
557 1619 584 1668 et
598 1613 847 1676 hoeremedium,
869 1617 923 1666 ete.
937 1631 949 1678 ‚-

276 1801 364 1876 item
380 1801 595 1876 adverbium
613 1805 690 1872 beoe
708 1800 852 1896 aliaque
868 1799 1046 1897 plurimo;
1071 1802 1163 1874 adeo
1181 1806 1219 1875 ut
1233 1803 1279 1874 ed
1300 1825 1399 1876 sum-

276 1959 387 2020 mam,
402 1934 570 2010 contritis
585 1934 818 2008 etexhoustis
829 1934 1054 2029 simplicium
1066 1959 1198 2008 vocum
1210 1936 1397 2024 sensibuS‚

275 2070 376 2166 ipsoe
395 2040 613 2142 adsensum
643 2069 759 2164 magis
776 2070 813 2141 in
837 2070 917 2142 dies
947 2070 1166 2143 universum
1185 2093 1400 2166 progressae

277 2205 351 2280 sint
369 2209 479 2301 atque
495 2204 725 2294 evanuerint,
746 2205 833 2277 dum
855 2205 899 2277 od
929 2204 1210 2301 exprimendum
1231 2204 1394 2302 priscum

276 2363 424 2414 sensum
443 2362 673 2434 quocumque
694 2340 804 2411 modo
824 2345 949 2411 essent
975 2340 1177 2434 augendae.

315 2473 399 2574 Hoe
426 2473 585 2568 denique
619 2471 798 2545 memorio
819 2473 1040 2546 servandum
1070 2478 1125 2545 est
1140 2472 1395 2568 judicantibus

274 2593 419 2684 Gallum
434 2609 652 2704 scriptorem
670 2615 792 2681 utrum
803 2606 940 2679 Gallice
954 2608 1070 2700 magis
1081 2632 1126 2680 on
1140 2608 1267 2680 Latine
1283 2603 1397 2704 scrip*

275 2745 376 2833 serit,
414 2775 430 2812 o
452 2745 697 2815 Narbonensem
731 2744 946 2834 provinciam
975 2741 1122 2814 Italiam
1151 2746 1266 2814 verius
1295 2767 1401 2836 quom.

272 2882 483 2974 provinciam
500 2907 514 2946 »
536 2876 663 2964 luisse,
685 2882 724 2950 ut
744 2874 885 2948 Plinius
902 2876 1060 2950 asseruit
1079 2879 1131 2974 (u.
1149 2880 1196 2948 -Ν,
1222 2878 1297 2972 31),
1317 2901 1396 2950 soe·

274 3013 429 3111 piusque
449 3036 468 3084 e
486 3011 603 3084 Gellio
622 3012 787 3085 rhetores
808 3010 1108 3083 latinosllomom
1124 3008 1283 3083 venisse.
1300 3011 1396 3097 Quo-

274 3154 425 3245 propter
446 3169 519 3220 non
561 3147 652 3219 odeo
686 3146 871 3239 usurpetis
911 3143 1061 3216 vocibus
1091 3143 1253 3218 Gallicus
1283 3144 1395 3218 luisse

273 3280 467 3354 Marcellus
507 3280 670 3366 videtum
713 3278 743 3351 si
779 3280 926 3373 quondo
966 3253 1147 3350 Gallicum
1187 3301 1395 3350 sermonem

274 3415 436 3488 redoluit
451 3413 601 3486 libellus
618 3413 710 3509 ejus,
745 3410 876 3485 saltem
905 3410 1027 3508 potius
1047 3411 1174 3484 dixero
1192 3410 1300 3484 illum
1320 3435 1395 3484 ser-

274 3547 374 3621 moni
407 3571 474 3622 suo
514 3546 691 3620 Gallicum
726 3545 868 3640 aliquid
896 3544 1082 3642 injecisse,
1119 3529 1229 3639 quom
1261 3544 1428 3641 gallico,

275 3667 435 3770 sermoni
446 3682 614 3756 Latinum
629 3680 783 3776 aliquid:
801 3681 892 3753 odeo
913 3679 989 3752 illis
1004 3679 1153 3774 quidem
1168 3663 1403 3774 temporibus

273 3799 391 3891 Gellio
410 3823 518 3912 etque
537 3815 639 3890 ltalia
666 3815 804 3888 strictis
834 3814 991 3888 vinculis
1012 3821 1116 3886 erant
1134 3814 1231 3887 inter
1244 3838 1282 3888 se
1304 3837 1392 3887 con·

268 3950 431 4048 junctae,
469 3951 561 4022 odeo
591 3949 740 4047 Alpium
768 3949 870 4046 jugo,
912 3948 944 4022 si
977 3947 1142 4043 linguam
1169 3946 1392 4043 inspexeris,

272 4107 424 4181 prorsus
463 4107 591 4158 eversa
633 4082 746 4156 luisse
781 4081 1016 4154 videbantur.
1050 4081 1192 4154 ltaliam
1222 4082 1319 4155 inter
1355 4092 1391 4154 et

272 4207 442 4298 Gelliam,
467 4208 699 4304 iterlongum
728 4213 931 4303 supererat,
957 4230 1030 4279 non
1047 4206 1125 4302 jam
1141 4205 1304 4296 difficile,
1325 4232 1391 4282 neo

271 4343 441 4439 passibus
455 4343 554 4416 houd
569 4341 753 4440 pervium.
