3692 5788
930 650 1098 716 ..6-

457 819 643 895 collocatis
670 819 846 893 lectorem
867 819 988 916 pellici
1013 829 1048 896 et
1067 821 1252 896 conciliari
1267 823 1445 914 voluisse,
1463 821 1575 918 quod,

456 955 486 1026 si
502 954 624 1027 locum
645 952 735 1040 satis
759 951 1023 1041 intelleximus,
1040 952 1254 1028 Marcellum
1274 953 1386 1028 nullis
1400 954 1475 1026 lere
1494 951 1577 1025 aliis

454 1087 638 1162 illecebris
669 1085 856 1162 studuisse
876 1086 1128 1161 demonstrat?
1148 1090 1291 1177 Nonne,
1310 1111 1420 1185 quom
1438 1089 1484 1161 de
1504 1089 1578 1160 Soi-

455 1225 558 1294 lertiu
596 1224 844 1314 dilipeutiapue
881 1243 948 1294 sua
973 1219 1085 1294 verba
1118 1219 1215 1309 lecit,
1245 1219 1314 1294 boc
1342 1217 1578 1294 solummodo

456 1354 690 1451 significavit,
721 1353 861 1426 scilicet
889 1377 910 1426 a
938 1378 977 1427 sc
1005 1376 1095 1442 eum,
1121 1377 1253 1450 magna
1280 1377 1367 1427 cura
1391 1360 1427 1427 et
1453 1352 1578 1426 labore

454 1492 604 1561 remedie
629 1487 805 1560 undeunde
827 1510 908 1559 csse
926 1485 1090 1560 collecte?
1109 1489 1166 1574 Et,
1194 1510 1305 1582 quom
1334 1492 1466 1561 cuncta
1492 1511 1514 1560 a
1540 1511 1579 1560 se

457 1621 612 1698 collecta
631 1626 668 1694 in
683 1647 788 1694 unum
804 1646 921 1714 corpus
942 1625 1043 1714 quusi
1060 1623 1201 1714 disjecto
1233 1636 1265 1694 et
1283 1625 1395 1694 iucem
1419 1625 1578 1696 ‘AEsculu-

456 1761 535 1851 pius
560 1760 652 1832 Virbi
670 1759 817 1829 membro
846 1754 1067 1852 composuit,
1099 1779 1187 1830 num
1209 1755 1492 1852 intelligendum
1525 1762 1581 1830 est

457 1893 546 1965 baec
560 1891 748 1986 eleganter
760 1894 870 1985 atque
883 1893 1011 1963 ornate
1023 1895 1084 1964 aut
1099 1890 1231 1963 saltem
1242 1889 1372 1964 ordine
1383 1894 1483 1964 certo
1497 1912 1578 1966 csse

456 2027 690 2125 conscripta?
709 2025 860 2100 Minime
880 2047 970 2097 vero
978 2048 988 2114 3
1019 2024 1098 2113 sed,
1130 2029 1214 2097 ante
1233 2047 1344 2120 quam
1359 2047 1513 2120 eaquae
1533 2025 1578 2099 ad
1673 2104 1675 2110 ,

459 2161 587 2235 stilum
604 2167 771 2258 spectant
791 2159 998 2232 describere
1018 2158 1290 2254 aggrediamur,
1312 2157 1357 2231 de
1376 2157 1472 2232 libro
1499 2158 1580 2256 ipso

462 2301 660 2370 etauctore
681 2295 768 2391 quid
788 2299 929 2368 certum
951 2295 998 2367 sit
1020 2318 1260 2390 exponamus

401 2505 403 2507 ,
510 2429 720 2519 Marcellus,
751 2429 1061 2526 quemjamanno
1090 2428 1164 2502 fere
1187 2453 1257 2502 cux
1280 2434 1363 2525 post
1395 2430 1581 2504 Christum
1662 2416 1666 2423 ’

462 2564 657 2662 scripsisse
678 2571 713 2637 et
737 2561 956 2660 Burdigalae
976 2563 1175 2659 plurimam
1190 2563 1284 2638 vitae
1300 2572 1440 2660 partem
1462 2565 1581 2661 egisse

462 2699 707 2788 ostendimus,
742 2722 853 2795 quom
874 2697 985 2771 ceteri
1015 2695 1159 2771 nullum
1192 2698 1237 2771 de
1261 2698 1342 2794 ipso
1373 2722 1582 2773 sermonem

461 2832 646 2919 leceriut¹,
669 2834 766 2907 baud
795 2834 911 2929 magis
942 2833 989 2906 de
1016 2832 1155 2930 seipse
1184 2855 1252 2906 uos
1276 2833 1362 2906 lecit
1382 2833 1580 2920 certiores,

460 2968 649 3043 rarissime
676 2992 695 3041 e
723 2967 870 3065 scriptis
897 2969 976 3065 ejus
1004 2967 1144 3064 aliquid
1166 2972 1287 3063 potest
1306 2967 1460 3064 percipi,
1485 2969 1582 3063 quod

461 3102 634 3178 advitam
653 3102 713 3177 vel
733 3125 856 3176 mores
873 3102 950 3198 ejus
970 3100 1164 3198 pertineat.
1193 3099 1405 3196 Composito
1431 3100 1527 3176 libro
1545 3104 1584 3173 de

460 3241 724 3322 Medicamentis,
747 3241 899 3333 apparet
913 3237 1128 3310 Marcellum
1147 3235 1308 3309 otiosum
1328 3257 1410 3309 esse
1425 3241 1462 3309 et
1475 3259 1583 3333 pecu·

462 3373 524 3446 nia
544 3371 633 3445 satis
651 3373 877 3468 praeditum:
901 3395 985 3444 nam
1007 3371 1078 3445 sibi
1101 3369 1249 3444 titulum
1276 3395 1321 3442 em
1338 3370 1503 3464 mopistro
1517 3373 1586 3466 offi-

460 3509 589 3578 ciorum
615 3508 777 3579 Theodosi
801 3511 892 3579 senis
911 3505 1087 3593 vindicat,
1108 3509 1145 3578 et
1157 3505 1378 3598 pauperculos
1392 3504 1585 3577 nominare

460 3640 605 3714 videtur
625 3640 731 3735 quasi
750 3639 830 3736 ipse
850 3640 1074 3713 nullomodo
1088 3644 1186 3712 esset
1205 3636 1466 3736 pauperculus.
1485 3638 1585 3711 Cete-

461 3798 543 3848 rum
560 3773 674 3846 semel
699 3776 744 3848 de
765 3773 882 3871 pretio
902 3772 1151 3846 remediorum
1171 3771 1210 3845 iu
1230 3772 1325 3844 libro
1344 3772 1425 3864 ejus
1446 3770 1583 3867 agitur,

461 3916 496 3982 et
511 3908 730 3983 brevissime
746 3933 754 3982 :
779 3912 993 4003 «Mirificum
1006 3911 1206 3996 remedium,
1224 3932 1282 3979 nec
1296 3906 1465 4000 impendio
1475 3929 1586 3997 sump-

461 4047 618 4116 tuosum².
637 4069 654 4112 a
671 4043 780 4132 Tum,
796 4041 1049 4117 verisimiliter
1068 4043 1114 4115 ab
1134 4040 1368 4115 institutione
1384 4039 1587 4114 medicinae

461 4179 606 4252 alicnus
625 4186 694 4268 cst,
718 4179 781 4274 qui
808 4201 883 4252 non
912 4177 1033 4252 solum
1055 4200 1167 4275 opera
1197 4178 1360 4249 virorum
1381 4197 1455 4248 uon
1472 4172 1586 4246 medi-

496 4427 504 4460 ¹
520 4423 580 4482 Nisi
595 4424 666 4482 torto
681 4428 791 4496 patrem
814 4423 915 4482 habuit
929 4421 1103 4492 Marcellum,
1119 4418 1351 4494 grammaticum,
1371 4416 1395 4473 si
1417 4413 1536 4472 Ausonii
1552 4415 1588 4467 de

458 4508 682 4575 professoribus
711 4506 992 4574 Burdipaleusibus
1020 4502 1304 4558 commemorationi
1336 4495 1511 4554 credendum
1536 4497 1587 4559 est,

460 4586 610 4644 mediocris
635 4587 789 4654 doctrinae,
815 4585 971 4642 multorum
996 4589 1090 4641 nmen
1113 4582 1276 4640 auditorum
1300 4578 1519 4650 amplarumque
1537 4586 1589 4648 per

465 4681 586 4724 uxorem
604 4666 780 4724 divitiarum.

504 4745 515 4781 ²
534 4747 566 4803 P.
580 4745 642 4812 sm,
657 4745 701 4802 u.
