3706 5748
738 593 933 662 -61-
1035 615 1041 624 ·

269 789 416 859 genere,
435 768 499 840 sed
520 767 648 862 lingua
660 769 873 865 neutiquam
890 775 1119 865 supererant.
1134 770 1272 863 ltaque,
1295 767 1391 864 quod

268 901 478 987 Marcellus
518 902 666 977 consilii
696 903 752 978 sui
774 903 1055 977 necessitatibus
1074 904 1254 977 adductus
1279 901 1393 974 inter-

270 1035 358 1106 dum
390 1058 497 1108 voces
531 1037 642 1133 vulgo
677 1038 831 1112 usitatas
863 1044 926 1110 aut
953 1037 1068 1111 Gallis
1102 1037 1193 1134 ipsis
1226 1033 1394 1133 proprias

266 1147 475 1257 retinuerit,
512 1171 612 1244 haud
640 1171 797 1259 mirum;
818 1196 884 1245 nec
918 1171 1120 1244 verisimile
1146 1175 1203 1243 est
1219 1168 1326 1242 illum
1347 1168 1393 1241 ab

160 1401 164 1409 Ι
267 1301 334 1373 bac
348 1302 455 1399 culpa
469 1310 642 1378 conatum
658 1328 740 1378 esse
755 1311 794 1379 ut
806 1305 1043 1378 abhorreret:
1064 1304 1122 1378 his
1138 1302 1289 1377 vocibus
1304 1325 1393 1374 usus

269 1440 337 1524 est,
354 1435 488 1530 quibus
507 1438 539 1510 ei
560 1441 598 1510 dc
618 1442 868 1512 Medicamentis
884 1439 1060 1512 scribenti
1074 1460 1166 1536 opus
1182 1434 1393 1510 essenide·

268 1569 388 1642 batur.
410 1569 481 1644 Sed
496 1570 534 1644 in
554 1573 785 1646 declinandis
809 1573 1021 1647 nominibus
1038 1572 1096 1646 vel
1111 1571 1247 1659 verbis,
1262 1581 1333 1665 qua
1348 1569 1393 1642 de

270 1725 379 1776 eausa
394 1706 440 1778 ab
460 1731 529 1781 usu
547 1711 734 1784 communi
764 1708 1228 1807 optimorum'scriptorum
1247 1706 1393 1779 deerra-

269 1836 396 1928 visset,
419 1840 481 1935 qui
498 1865 591 1937 puro
609 1865 779 1917 sermone
792 1843 957 1918 imbutus
972 1848 1049 1916 erat
1065 1864 1224 1938 apuero,
1238 1846 1275 1913 et
1289 1838 1393 1936 quasi

268 1973 460 2047 nutritus?

320 2106 505 2203 Quidquid
535 2110 572 2183 id
592 2115 658 2198 est,
688 2111 786 2186 baud
809 2111 923 2185 semel
948 2110 1153 2198 deerravit3
1175 2109 1252 2184 sive
1271 2107 1393 2203 negle-

273 2243 396 2336 gentia
426 2242 565 2340 lapsuS,
605 2247 822 2342 praesertim
864 2270 973 2342 quom
1010 2269 1161 2342 parvam
1191 2241 1394 2340 scripturae

271 2397 407 2464 curam,
443 2377 516 2450 nisi
547 2377 702 2452 tortasse
730 2380 767 2452 in
788 2379 1027 2477 praefatione,
1061 2375 1288 2464 contulerit;
1317 2375 1393 2448 sive

269 2508 391 2603 reipsa
406 2510 490 2606 plus
504 2535 620 2608 aequo
634 2513 818 2610 impulsus
833 2522 884 2600 ut,
899 2538 1053 2610 quorum
1068 2513 1185 2609 gratia
1201 2510 1389 2600 scriberet,

272 2667 334 2716 eos
354 2643 432 2739 ipse
451 2646 646 2720 scribendo
660 2647 804 2722 facilius
818 2655 1034 2744 sequeretur
1047 2653 1155 2744 atque
1170 2645 1390 2734 imitaretur,

273 2801 380 2876 saepe
399 2780 536 2853 lormas
563 2784 743 2854 deteriores
765 2782 968 2879 receperit;
993 2805 1054 2856 eas
1086 2781 1207 2878 potius
1227 2781 1392 2854 dicamus

270 2911 315 2986 ab
334 2913 474 3012 optimo
495 2939 564 2990 usu
593 2916 770 3013 paulatim
808 2941 890 2990 esse
923 2918 1108 3014 delapsas,
1146 2922 1209 2990 aut
1223 2914 1392 3009 analogia

267 3072 352 3121 eum
399 3048 482 3122 aliis
530 3050 665 3140 verbis,
701 3057 764 3126 aut
809 3052 1107 3148 pronuntiatione
1152 3073 1277 3147 prava.
1318 3049 1393 3121 Hoc

269 3183 399 3256 saltem
417 3207 502 3256 mox
518 3184 625 3259 nobis
646 3186 781 3260 certius
796 3188 879 3276 erit,
902 3186 1132 3277 Marcellum,
1150 3184 1294 3281 quoties
1311 3207 1392 3281 peo-

269 3317 419 3406 caverit,
435 3317 485 3391 ita
500 3318 778 3415 peccavissent
793 3321 838 3392 ad
852 3319 1117 3416 simpliciorem
1132 3315 1392 3392 declinationis

268 3474 389 3538 usum,
413 3451 546 3525 deletis
561 3453 853 3550 exceptionibus,
867 3453 1085 3550 plerumque
1101 3451 1253 3526 redierit
1270 3477 1277 3542 ;
1297 3450 1392 3549 pris-

268 3583 319 3658 cis
340 3584 437 3658 enim
455 3586 765 3662 declinationibus
798 3589 903 3678 adeo,
940 3587 1128 3661 Graeculis
1148 3585 1389 3671 irruentibus,

270 3719 418 3792 variatis
455 3720 799 3818 multiplicibusque
815 3729 851 3795 et
874 3723 1021 3819 cognitu
1043 3720 1270 3808 difficilibus,
1294 3718 1391 3791 ultro

267 3853 396 3948 vulgus
410 3855 617 3929 Romanum
634 3881 675 3930 ac
690 3857 849 3932 maxime
860 3856 1106 3955 provinciales
1127 3852 1390 3951 simpliciorem

264 3987 434 4080 formam,
452 3991 573 4086 quoad
589 3997 774 4088 poterant,
792 3992 1012 4090 saepiusque
1024 3998 1064 4067 ut
1079 3990 1129 4064 ita
1145 3989 1264 4062 dicam
1281 4011 1391 4083 quam

275 4147 367 4220 opus
380 4129 456 4196 erat
473 4124 724 4221 imponebant.
746 4128 861 4214 Quem
881 4126 973 4218 sugit
986 4127 1132 4224 quantis
1152 4146 1285 4221 pueros
1298 4122 1390 4196 dilli-

268 4257 468 4332 cultatibus
500 4261 609 4333 tertia
628 4262 864 4336 nominorum
892 4262 1162 4356 verborumque
1194 4257 1390 4331 declinatio

267 4417 363 4464 nunc
378 4417 523 4489 quoque
541 4394 742 4469 sollicitet?
759 4421 824 4468 nee
836 4397 959 4469 minus
976 4394 1265 4468 masculinorum
1284 4392 1388 4462 lemi-

266 4526 484 4600 ninorumve
499 4529 1037 4602 nominumionsdesinentium
1052 4531 1120 4602 ‘llll
1131 4536 1251 4600 tamen
1267 4527 1391 4598 omnia

270 4661 358 4734 haec
378 4662 415 4733 in
437 4662 531 4736 libro
550 4667 589 4734 dc
609 4667 860 4737 Mcdc'corncntc's
879 4663 975 4754 haud
992 4663 1150 4761 plurima
1178 4663 1256 4734 visa
1287 4670 1386 4736 sunt.
