<?xml version="1.0" encoding="UTF-8"?>
<!DOCTYPE html PUBLIC "-//W3C//DTD XHTML 1.0 Transitional//EN"
    "http://www.w3.org/TR/xhtml1/DTD/xhtml1-transitional.dtd">
<html xmlns="http://www.w3.org/1999/xhtml" xml:lang="en" lang="en">
 <head>
  <title>
</title>
<meta http-equiv="Content-Type" content="text/html;charset=utf-8" />
  <meta name='ocr-system' content='tesseract 3.04.00' />
  <meta name='ocr-capabilities' content='ocr_page ocr_carea ocr_par ocr_line ocrx_word'/>
</head>
<body>
  <div class='ocr_page' id='page_1' title='image "./delatinitatemar00chabgoog_0032.png"; bbox 0 0 3692 5788; ppageno 0'>
   <div class='ocr_carea' id='block_1_1' title="bbox 271 576 1436 3042">
    <p class='ocr_par' dir='ltr' id='par_1_1' title="bbox 271 576 1436 3042">
     <span class='ocr_line' id='line_1_1' title="bbox 706 576 1206 654; baseline -0.002 -18"><span class='ocrx_word' id='word_1_1' title='bbox 706 629 709 636; x_wconf 92' lang='lat'><em>.</em></span> <span class='ocrx_word' id='word_1_2' title='bbox 1022 576 1026 592; x_wconf 38' lang='grc' dir='ltr'><em>Ι</em></span> <span class='ocrx_word' id='word_1_3' title='bbox 1083 612 1094 654; x_wconf 78' lang='lat' dir='ltr'><em>s</em></span> <span class='ocrx_word' id='word_1_4' title='bbox 1204 613 1206 620; x_wconf 93' lang='grc'><strong><em>·</em></strong></span> 
     </span>
     <span class='ocr_line' id='line_1_2' title="bbox 743 673 980 750; baseline 0.042 -10"><span class='ocrx_word' id='word_1_5' title='bbox 743 673 940 742; x_wconf 76' lang='lat'><strong>-13-</strong></span> <span class='ocrx_word' id='word_1_6' title='bbox 977 743 980 750; x_wconf 93' lang='lat'><em>.</em></span> 
     </span>
     <span class='ocr_line' id='line_1_3' title="bbox 275 831 1398 944; baseline -0.002 -22"><span class='ocrx_word' id='word_1_7' title='bbox 275 845 411 922; x_wconf 87' lang='lat' dir='ltr'><strong>diversi</strong></span> <span class='ocrx_word' id='word_1_8' title='bbox 432 853 530 934; x_wconf 89' lang='lat' dir='ltr'><strong>sunt,</strong></span> <span class='ocrx_word' id='word_1_9' title='bbox 554 850 593 922; x_wconf 90' lang='lat' dir='ltr'><strong>ot</strong></span> <span class='ocrx_word' id='word_1_10' title='bbox 610 845 656 920; x_wconf 87' lang='lat' dir='ltr'><strong>do</strong></span> <span class='ocrx_word' id='word_1_11' title='bbox 669 845 930 943; x_wconf 76' lang='lat' dir='ltr'><strong>orthographia</strong></span> <span class='ocrx_word' id='word_1_12' title='bbox 947 852 983 922; x_wconf 88' lang='lat' dir='ltr'><strong>et</strong></span> <span class='ocrx_word' id='word_1_13' title='bbox 998 845 1155 920; x_wconf 87' lang='lat' dir='ltr'><strong>materia</strong></span> <span class='ocrx_word' id='word_1_14' title='bbox 1167 845 1248 944; x_wconf 90' lang='lat' dir='ltr'><strong>ipsa</strong></span> <span class='ocrx_word' id='word_1_15' title='bbox 1264 831 1398 944; x_wconf 86' lang='lat' dir='ltr'><strong>parum</strong></span> 
     </span>
     <span class='ocr_line' id='line_1_4' title="bbox 272 959 1237 1058; baseline -0.002 -4"><span class='ocrx_word' id='word_1_16' title='bbox 272 982 383 1058; x_wconf 82' lang='lat' dir='ltr'><strong>liceat</strong></span> <span class='ocrx_word' id='word_1_17' title='bbox 408 982 604 1056; x_wconf 80' lang='lat' dir='ltr'><strong>disserere.</strong></span> <span class='ocrx_word' id='word_1_18' title='bbox 649 959 652 967; x_wconf 41' lang='grc'>’</span> <span class='ocrx_word' id='word_1_19' title='bbox 915 959 918 964; x_wconf 43' lang='grc'><strong>’</strong></span> <span class='ocrx_word' id='word_1_20' title='bbox 1234 993 1237 1001; x_wconf 88' lang='grc'><em>“</em></span> 
     </span>
     <span class='ocr_line' id='line_1_5' title="bbox 321 1114 1394 1212; baseline -0.002 -23"><span class='ocrx_word' id='word_1_21' title='bbox 321 1118 489 1212; x_wconf 84' lang='lat' dir='ltr'><strong>Namque</strong></span> <span class='ocrx_word' id='word_1_22' title='bbox 519 1115 558 1188; x_wconf 90' lang='lat' dir='ltr'><strong>in</strong></span> <span class='ocrx_word' id='word_1_23' title='bbox 586 1114 645 1186; x_wconf 91' lang='lat' dir='ltr'><strong>bis</strong></span> <span class='ocrx_word' id='word_1_24' title='bbox 676 1115 788 1190; x_wconf 90' lang='lat' dir='ltr'><strong>rebus</strong></span> <span class='ocrx_word' id='word_1_25' title='bbox 817 1114 977 1190; x_wconf 89' lang='lat' dir='ltr'><strong>maxime</strong></span> <span class='ocrx_word' id='word_1_26' title='bbox 1008 1116 1157 1190; x_wconf 86' lang='lat' dir='ltr'><strong>videtur</strong></span> <span class='ocrx_word' id='word_1_27' title='bbox 1178 1114 1394 1211; x_wconf 80' lang='lat' dir='ltr'><strong>singularis,</strong></span> 
     </span>
     <span class='ocr_line' id='line_1_6' title="bbox 273 1233 1396 1347; baseline -0.004 -22"><span class='ocrx_word' id='word_1_28' title='bbox 273 1251 413 1326; x_wconf 85' lang='lat' dir='ltr'><strong>scilicet</strong></span> <span class='ocrx_word' id='word_1_29' title='bbox 427 1251 465 1325; x_wconf 95' lang='lat' dir='ltr'><strong>in</strong></span> <span class='ocrx_word' id='word_1_30' title='bbox 480 1249 687 1329; x_wconf 86' lang='lat' dir='ltr'><strong>scribendis</strong></span> <span class='ocrx_word' id='word_1_31' title='bbox 707 1249 859 1324; x_wconf 81' lang='lat' dir='ltr'><strong>vocibus</strong></span> <span class='ocrx_word' id='word_1_32' title='bbox 878 1275 897 1324; x_wconf 91' lang='lat' dir='ltr'><strong>e</strong></span> <span class='ocrx_word' id='word_1_33' title='bbox 924 1274 1055 1347; x_wconf 86' lang='lat' dir='ltr'><strong>graeco</strong></span> <span class='ocrx_word' id='word_1_34' title='bbox 1075 1233 1247 1330; x_wconf 83' lang='lat' dir='ltr'><strong>sermone</strong></span> <span class='ocrx_word' id='word_1_35' title='bbox 1269 1257 1396 1323; x_wconf 89' lang='lat' dir='ltr'><strong>trans-</strong></span> 
     </span>
     <span class='ocr_line' id='line_1_7' title="bbox 271 1384 1397 1482; baseline -0.001 -25"><span class='ocrx_word' id='word_1_36' title='bbox 271 1384 371 1472; x_wconf 87' lang='lat' dir='ltr'><strong>latis,</strong></span> <span class='ocrx_word' id='word_1_37' title='bbox 395 1384 652 1480; x_wconf 89' lang='lat' dir='ltr'><strong>servandaque</strong></span> <span class='ocrx_word' id='word_1_38' title='bbox 682 1384 718 1460; x_wconf 91' lang='lat' dir='ltr'><strong>in</strong></span> <span class='ocrx_word' id='word_1_39' title='bbox 746 1385 898 1460; x_wconf 83' lang='lat' dir='ltr'><strong>vocibus</strong></span> <span class='ocrx_word' id='word_1_40' title='bbox 924 1385 1161 1482; x_wconf 88' lang='lat' dir='ltr'><strong>potissimum</strong></span> <span class='ocrx_word' id='word_1_41' title='bbox 1181 1384 1397 1459; x_wconf 89' lang='lat' dir='ltr'><strong>ineuntibus</strong></span> 
     </span>
     <span class='ocr_line' id='line_1_8' title="bbox 271 1495 1393 1617; baseline -0.004 -23"><span class='ocrx_word' id='word_1_42' title='bbox 271 1519 397 1596; x_wconf 89' lang='lat' dir='ltr'><strong>littera</strong></span> <span class='ocrx_word' id='word_1_43' title='bbox 415 1520 460 1608; x_wconf 84' lang='lat' dir='ltr'><strong>H,</strong></span> <span class='ocrx_word' id='word_1_44' title='bbox 478 1518 538 1592; x_wconf 86' lang='lat' dir='ltr'><strong>vel</strong></span> <span class='ocrx_word' id='word_1_45' title='bbox 555 1517 682 1617; x_wconf 88' lang='lat' dir='ltr'><strong>postG</strong></span> <span class='ocrx_word' id='word_1_46' title='bbox 701 1521 817 1594; x_wconf 84' lang='lat' dir='ltr'><strong>vocali</strong></span> <span class='ocrx_word' id='word_1_47' title='bbox 830 1521 874 1610; x_wconf 86' lang='lat' dir='ltr'><strong>U,</strong></span> <span class='ocrx_word' id='word_1_48' title='bbox 890 1521 949 1593; x_wconf 88' lang='lat' dir='ltr'><strong>vei</strong></span> <span class='ocrx_word' id='word_1_49' title='bbox 970 1526 1055 1594; x_wconf 88' lang='lat' dir='ltr'><strong>ante</strong></span> <span class='ocrx_word' id='word_1_50' title='bbox 1073 1519 1098 1596; x_wconf 86' lang='lat' dir='ltr'>S</span> <span class='ocrx_word' id='word_1_51' title='bbox 1118 1495 1334 1598; x_wconf 89' lang='lat' dir='ltr'><strong>consonanti</strong></span> <span class='ocrx_word' id='word_1_52' title='bbox 1347 1519 1393 1608; x_wconf 87' lang='lat' dir='ltr'><strong>N,</strong></span> 
     </span>
     <span class='ocr_line' id='line_1_9' title="bbox 271 1652 1395 1762; baseline -0.001 -37"><span class='ocrx_word' id='word_1_53' title='bbox 271 1657 380 1750; x_wconf 89' lang='lat' dir='ltr'><strong>atque</strong></span> <span class='ocrx_word' id='word_1_54' title='bbox 413 1652 453 1762; x_wconf 86' lang='lat' dir='ltr'><strong>in</strong></span> <span class='ocrx_word' id='word_1_55' title='bbox 486 1653 789 1749; x_wconf 90' lang='lat' dir='ltr'><strong>pronuntiandal</strong></span> <span class='ocrx_word' id='word_1_56' title='bbox 815 1678 902 1753; x_wconf 91' lang='lat' dir='ltr'><strong>prae</strong></span> <span class='ocrx_word' id='word_1_57' title='bbox 938 1653 1056 1730; x_wconf 83' lang='lat' dir='ltr'><strong>vocali</strong></span> <span class='ocrx_word' id='word_1_58' title='bbox 1090 1652 1206 1728; x_wconf 88' lang='lat' dir='ltr'><strong>altera</strong></span> <span class='ocrx_word' id='word_1_59' title='bbox 1234 1654 1272 1726; x_wconf 90' lang='lat' dir='ltr'><strong>in</strong></span> <span class='ocrx_word' id='word_1_60' title='bbox 1305 1674 1395 1725; x_wconf 84' lang='lat' dir='ltr'><strong>voce</strong></span> 
     </span>
     <span class='ocr_line' id='line_1_10' title="bbox 273 1775 1374 1884; baseline 0.005 -25"><span class='ocrx_word' id='word_1_61' title='bbox 273 1787 401 1860; x_wconf 87' lang='lat' dir='ltr'><strong>eadem</strong></span> <span class='ocrx_word' id='word_1_62' title='bbox 411 1810 422 1877; x_wconf 94' lang='lat'>;</span> <span class='ocrx_word' id='word_1_63' title='bbox 437 1791 560 1860; x_wconf 87' lang='lat' dir='ltr'><strong>oetera</strong></span> <span class='ocrx_word' id='word_1_64' title='bbox 579 1788 682 1884; x_wconf 88' lang='lat' dir='ltr'><strong>parvi</strong></span> <span class='ocrx_word' id='word_1_65' title='bbox 701 1794 810 1862; x_wconf 85' lang='lat' dir='ltr'><strong>erunt</strong></span> <span class='ocrx_word' id='word_1_66' title='bbox 832 1789 1025 1862; x_wconf 85' lang='lat' dir='ltr'><strong>momenti.</strong></span> <span class='ocrx_word' id='word_1_67' title='bbox 1372 1775 1374 1781; x_wconf 37' lang='lat'><strong><em>¹</em></strong></span> 
     </span>
     <span class='ocr_line' id='line_1_11' title="bbox 319 1919 1436 2030; baseline 0 -37"><span class='ocrx_word' id='word_1_68' title='bbox 319 1922 372 1994; x_wconf 88' lang='lat' dir='ltr'><strong>De</strong></span> <span class='ocrx_word' id='word_1_69' title='bbox 402 1921 549 1996; x_wconf 84' lang='lat' dir='ltr'><strong>Graecis</strong></span> <span class='ocrx_word' id='word_1_70' title='bbox 576 1921 728 1996; x_wconf 86' lang='lat' dir='ltr'><strong>vocibus</strong></span> <span class='ocrx_word' id='word_1_71' title='bbox 758 1924 826 2018; x_wconf 87' lang='lat' dir='ltr'><strong>boc</strong></span> <span class='ocrx_word' id='word_1_72' title='bbox 857 1923 1018 2020; x_wconf 91' lang='lat' dir='ltr'><strong>primum</strong></span> <span class='ocrx_word' id='word_1_73' title='bbox 1051 1919 1394 2030; x_wconf 79' lang='lat' dir='ltr'><strong>animadvertimus,</strong></span> <span class='ocrx_word' id='word_1_74' title='bbox 1433 1957 1436 1964; x_wconf 39' lang='lat' dir='ltr'><strong>f</strong></span> 
     </span>
     <span class='ocr_line' id='line_1_12' title="bbox 272 2055 1397 2164; baseline -0.004 -33"><span class='ocrx_word' id='word_1_75' title='bbox 272 2055 475 2146; x_wconf 88' lang='lat' dir='ltr'><strong>rarissime,</strong></span> <span class='ocrx_word' id='word_1_76' title='bbox 494 2055 532 2129; x_wconf 94' lang='lat' dir='ltr'><strong>in</strong></span> <span class='ocrx_word' id='word_1_77' title='bbox 545 2057 783 2132; x_wconf 88' lang='lat' dir='ltr'><strong>Laudunensi</strong></span> <span class='ocrx_word' id='word_1_78' title='bbox 797 2058 961 2154; x_wconf 88' lang='lat' dir='ltr'><strong>quidem,</strong></span> <span class='ocrx_word' id='word_1_79' title='bbox 976 2079 1084 2132; x_wconf 91' lang='lat' dir='ltr'><strong>usum</strong></span> <span class='ocrx_word' id='word_1_80' title='bbox 1104 2055 1397 2164; x_wconf 81' lang='lat' dir='ltr'><strong>Graecarumlit·</strong></span> 
     </span>
     <span class='ocr_line' id='line_1_13' title="bbox 272 2190 1398 2288; baseline -0.004 -22"><span class='ocrx_word' id='word_1_81' title='bbox 272 2198 435 2266; x_wconf 90' lang='lat' dir='ltr'><strong>terarum</strong></span> <span class='ocrx_word' id='word_1_82' title='bbox 465 2215 548 2265; x_wconf 87' lang='lat' dir='ltr'><strong>esse</strong></span> <span class='ocrx_word' id='word_1_83' title='bbox 560 2192 700 2268; x_wconf 85' lang='lat' dir='ltr'><strong>factum</strong></span> <span class='ocrx_word' id='word_1_84' title='bbox 720 2215 728 2266; x_wconf 73' lang='grc' dir='ltr'><em>τ</em></span> <span class='ocrx_word' id='word_1_85' title='bbox 747 2195 1005 2267; x_wconf 88' lang='lat' dir='ltr'><strong>tantummodo</strong></span> <span class='ocrx_word' id='word_1_86' title='bbox 1024 2190 1269 2287; x_wconf 75' lang='lat' dir='ltr'><strong>intormulis,</strong></span> <span class='ocrx_word' id='word_1_87' title='bbox 1288 2197 1398 2288; x_wconf 88' lang='lat' dir='ltr'><strong>atque</strong></span> 
     </span>
     <span class='ocr_line' id='line_1_14' title="bbox 272 2321 1394 2421; baseline -0.004 -21"><span class='ocrx_word' id='word_1_88' title='bbox 272 2325 332 2400; x_wconf 90' lang='lat' dir='ltr'><strong>bis</strong></span> <span class='ocrx_word' id='word_1_89' title='bbox 346 2323 509 2421; x_wconf 83' lang='lat' dir='ltr'><strong>profecto</strong></span> <span class='ocrx_word' id='word_1_90' title='bbox 532 2325 747 2401; x_wconf 89' lang='lat' dir='ltr'><strong>rarissimis.</strong></span> <span class='ocrx_word' id='word_1_91' title='bbox 766 2326 838 2400; x_wconf 87' lang='lat' dir='ltr'><strong>Sed</strong></span> <span class='ocrx_word' id='word_1_92' title='bbox 857 2325 1003 2399; x_wconf 79' lang='lat' dir='ltr'><strong>litterae</strong></span> <span class='ocrx_word' id='word_1_93' title='bbox 1020 2325 1153 2400; x_wconf 87' lang='lat' dir='ltr'><strong>litteris</strong></span> <span class='ocrx_word' id='word_1_94' title='bbox 1170 2325 1292 2421; x_wconf 90' lang='lat' dir='ltr'><strong>quoad</strong></span> <span class='ocrx_word' id='word_1_95' title='bbox 1313 2321 1394 2397; x_wconf 90' lang='lat' dir='ltr'><strong>fieri</strong></span> 
     </span>
     <span class='ocr_line' id='line_1_15' title="bbox 271 2459 1390 2563; baseline -0.001 -29"><span class='ocrx_word' id='word_1_96' title='bbox 271 2463 393 2559; x_wconf 90' lang='lat' dir='ltr'><strong>potest</strong></span> <span class='ocrx_word' id='word_1_97' title='bbox 413 2462 713 2536; x_wconf 85' lang='lat' dir='ltr'><strong>transcribuntur</strong></span> <span class='ocrx_word' id='word_1_98' title='bbox 728 2490 737 2535; x_wconf 73' lang='grc' dir='ltr'><strong><em>ε</em></strong></span> <span class='ocrx_word' id='word_1_99' title='bbox 754 2465 772 2536; x_wconf 84' lang='grc' dir='ltr'>θ</span> <span class='ocrx_word' id='word_1_100' title='bbox 791 2461 830 2534; x_wconf 90' lang='lat' dir='ltr'><strong>in</strong></span> <span class='ocrx_word' id='word_1_101' title='bbox 844 2465 892 2548; x_wconf 78' lang='lat' dir='ltr'><strong>to,</strong></span> <span class='ocrx_word' id='word_1_102' title='bbox 911 2491 933 2563; x_wconf 75' lang='grc' dir='ltr'><strong><em>φ</em></strong></span> <span class='ocrx_word' id='word_1_103' title='bbox 952 2460 990 2534; x_wconf 92' lang='lat' dir='ltr'><strong>in</strong></span> <span class='ocrx_word' id='word_1_104' title='bbox 1016 2466 1076 2554; x_wconf 80' lang='lat' dir='ltr'><strong>pb,</strong></span> <span class='ocrx_word' id='word_1_105' title='bbox 1097 2491 1135 2538; x_wconf 84' lang='grc' dir='ltr'><strong>ου</strong></span> <span class='ocrx_word' id='word_1_106' title='bbox 1149 2463 1186 2534; x_wconf 90' lang='lat' dir='ltr'><strong>in</strong></span> <span class='ocrx_word' id='word_1_107' title='bbox 1205 2487 1243 2554; x_wconf 85' lang='lat' dir='ltr'><strong>u,</strong></span> <span class='ocrx_word' id='word_1_108' title='bbox 1264 2459 1334 2536; x_wconf 86' lang='lat' dir='ltr'><strong>oin</strong></span> <span class='ocrx_word' id='word_1_109' title='bbox 1352 2486 1390 2556; x_wconf 77' lang='lat' dir='ltr'><strong>y,</strong></span> 
     </span>
     <span class='ocr_line' id='line_1_16' title="bbox 271 2593 1261 2706; baseline -0.001 -36"><span class='ocrx_word' id='word_1_110' title='bbox 271 2625 296 2670; x_wconf 87' lang='grc' dir='ltr'><strong>ω</strong></span> <span class='ocrx_word' id='word_1_111' title='bbox 311 2593 350 2669; x_wconf 93' lang='lat' dir='ltr'><strong>in</strong></span> <span class='ocrx_word' id='word_1_112' title='bbox 370 2621 401 2682; x_wconf 89' lang='lat' dir='ltr'><strong>o,</strong></span> <span class='ocrx_word' id='word_1_113' title='bbox 420 2622 443 2669; x_wconf 87' lang='grc' dir='ltr'><strong>κ</strong></span> <span class='ocrx_word' id='word_1_114' title='bbox 461 2594 499 2669; x_wconf 94' lang='lat' dir='ltr'><strong>in</strong></span> <span class='ocrx_word' id='word_1_115' title='bbox 515 2621 543 2685; x_wconf 86' lang='lat' dir='ltr'><strong>c,</strong></span> <span class='ocrx_word' id='word_1_116' title='bbox 562 2627 589 2699; x_wconf 81' lang='grc' dir='ltr'>χ</span> <span class='ocrx_word' id='word_1_117' title='bbox 608 2595 647 2670; x_wconf 93' lang='lat' dir='ltr'><strong>in</strong></span> <span class='ocrx_word' id='word_1_118' title='bbox 662 2600 727 2684; x_wconf 56' lang='grc' dir='ltr'><strong>εἰη</strong></span> <span class='ocrx_word' id='word_1_119' title='bbox 745 2596 847 2670; x_wconf 86' lang='lat' dir='ltr'><strong>verbi</strong></span> <span class='ocrx_word' id='word_1_120' title='bbox 869 2595 1052 2706; x_wconf 29' lang='lat' dir='ltr'><strong>gratiasp.</strong></span> <span class='ocrx_word' id='word_1_121' title='bbox 1072 2601 1132 2684; x_wconf 85' lang='lat'><strong>55,</strong></span> <span class='ocrx_word' id='word_1_122' title='bbox 1146 2619 1261 2693; x_wconf 81' lang='lat' dir='ltr'><strong>pass:</strong></span> 
     </span>
     <span class='ocr_line' id='line_1_17' title="bbox 341 2794 1297 2863; baseline -0.004 -15"><span class='ocrx_word' id='word_1_123' title='bbox 341 2795 496 2863; x_wconf 75' lang='lat' dir='ltr'><strong>spiraque,</strong></span> <span class='ocrx_word' id='word_1_124' title='bbox 764 2807 825 2860; x_wconf 67' lang='lat' dir='ltr'><strong>oea,</strong></span> <span class='ocrx_word' id='word_1_125' title='bbox 1060 2794 1150 2856; x_wconf 81' lang='lat' dir='ltr'><strong>aloes,</strong></span> <span class='ocrx_word' id='word_1_126' title='bbox 1209 2795 1212 2801; x_wconf 85' lang='lat'>&#39;</span> <span class='ocrx_word' id='word_1_127' title='bbox 1293 2808 1297 2816; x_wconf 68' lang='lat'><em>¹</em></span> 
     </span>
     <span class='ocr_line' id='line_1_18' title="bbox 339 2881 1290 2953; baseline -0.003 -15"><span class='ocrx_word' id='word_1_128' title='bbox 339 2885 439 2953; x_wconf 75' lang='lat' dir='ltr'><strong>polio,</strong></span> <span class='ocrx_word' id='word_1_129' title='bbox 763 2897 809 2950; x_wconf 69' lang='lat' dir='ltr'><strong>oe,</strong></span> <span class='ocrx_word' id='word_1_130' title='bbox 1062 2881 1290 2949; x_wconf 67' lang='lat' dir='ltr'><strong>chorraeorum,</strong></span> 
     </span>
     <span class='ocr_line' id='line_1_19' title="bbox 342 2972 1167 3042; baseline -0.005 -14"><span class='ocrx_word' id='word_1_131' title='bbox 342 2977 467 3042; x_wconf 71' lang='lat' dir='ltr'><strong>qaqatu,</strong></span> <span class='ocrx_word' id='word_1_132' title='bbox 766 2972 886 3036; x_wconf 80' lang='lat' dir='ltr'><strong>chalco,</strong></span> <span class='ocrx_word' id='word_1_133' title='bbox 1064 2973 1167 3040; x_wconf 79' lang='lat' dir='ltr'><strong>millu,</strong></span> 
     </span>
    </p>
   </div>
   <div class='ocr_carea' id='block_1_2' title="bbox 341 3063 1208 3223">
    <p class='ocr_par' dir='ltr' id='par_1_2' title="bbox 341 3063 1208 3223">
     <span class='ocr_line' id='line_1_20' title="bbox 341 3063 1208 3132; baseline 0 -16"><span class='ocrx_word' id='word_1_134' title='bbox 341 3065 512 3132; x_wconf 84' lang='lat' dir='ltr'><strong>propoleoa,</strong></span> <span class='ocrx_word' id='word_1_135' title='bbox 766 3076 967 3126; x_wconf 83' lang='lat' dir='ltr'><strong>oeoaumeuu,</strong></span> <span class='ocrx_word' id='word_1_136' title='bbox 1062 3076 1131 3129; x_wconf 78' lang='lat' dir='ltr'><strong>qen,</strong></span> <span class='ocrx_word' id='word_1_137' title='bbox 1148 3063 1208 3116; x_wconf 89' lang='lat' dir='ltr'><strong>eto.</strong></span> 
     </span>
     <span class='ocr_line' id='line_1_21' title="bbox 343 3148 673 3223; baseline -0.006 -17"><span class='ocrx_word' id='word_1_138' title='bbox 343 3155 478 3208; x_wconf 79' lang='lat' dir='ltr'><strong>ceratitz&#39;a</strong></span> <span class='ocrx_word' id='word_1_139' title='bbox 491 3151 534 3223; x_wconf 88' lang='lat' dir='ltr'><strong>(p.</strong></span> <span class='ocrx_word' id='word_1_140' title='bbox 545 3149 607 3222; x_wconf 77' lang='lat'><strong>275,</strong></span> <span class='ocrx_word' id='word_1_141' title='bbox 616 3148 673 3222; x_wconf 68' lang='lat'>32),</span> 
     </span>
    </p>
   </div>
   <div class='ocr_carea' id='block_1_3' title="bbox 270 3297 1392 3540">
    <p class='ocr_par' dir='ltr' id='par_1_3' title="bbox 270 3297 1392 3540">
     <span class='ocr_line' id='line_1_22' title="bbox 270 3297 1389 3405; baseline -0.004 -30"><span class='ocrx_word' id='word_1_142' title='bbox 270 3303 456 3376; x_wconf 90' lang='lat' dir='ltr'><strong>Interdum</strong></span> <span class='ocrx_word' id='word_1_143' title='bbox 472 3303 503 3374; x_wconf 94' lang='lat' dir='ltr'><strong>H</strong></span> <span class='ocrx_word' id='word_1_144' title='bbox 518 3326 591 3405; x_wconf 85' lang='lat' dir='ltr'><strong>non</strong></span> <span class='ocrx_word' id='word_1_145' title='bbox 609 3300 809 3374; x_wconf 81' lang='lat' dir='ltr'><strong>scribitur:</strong></span> <span class='ocrx_word' id='word_1_146' title='bbox 825 3303 918 3375; x_wconf 81' lang='lat' dir='ltr'><strong>colcu</strong></span> <span class='ocrx_word' id='word_1_147' title='bbox 929 3332 942 3384; x_wconf 93' lang='lat'><em>;</em></span> <span class='ocrx_word' id='word_1_148' title='bbox 962 3321 1047 3394; x_wconf 88' lang='lat' dir='ltr'><strong>quo,</strong></span> <span class='ocrx_word' id='word_1_149' title='bbox 1066 3297 1098 3373; x_wconf 91' lang='lat' dir='ltr'><strong>si</strong></span> <span class='ocrx_word' id='word_1_150' title='bbox 1117 3321 1267 3374; x_wconf 86' lang='lat' dir='ltr'><strong>necesse</strong></span> <span class='ocrx_word' id='word_1_151' title='bbox 1282 3299 1389 3385; x_wconf 81' lang='lat' dir='ltr'><strong>soret,</strong></span> 
     </span>
     <span class='ocr_line' id='line_1_23' title="bbox 272 3415 1392 3540; baseline -0.008 -29"><span class='ocrx_word' id='word_1_152' title='bbox 272 3436 381 3511; x_wconf 87' lang='lat' dir='ltr'><strong>etiam</strong></span> <span class='ocrx_word' id='word_1_153' title='bbox 400 3437 469 3509; x_wconf 85' lang='lat' dir='ltr'><strong>boo</strong></span> <span class='ocrx_word' id='word_1_154' title='bbox 490 3437 722 3533; x_wconf 87' lang='lat' dir='ltr'><strong>probaretur,</strong></span> <span class='ocrx_word' id='word_1_155' title='bbox 745 3434 902 3508; x_wconf 87' lang='lat' dir='ltr'><strong>Graecos</strong></span> <span class='ocrx_word' id='word_1_156' title='bbox 921 3465 974 3540; x_wconf 71' lang='lat' dir='ltr'><strong>ou,</strong></span> <span class='ocrx_word' id='word_1_157' title='bbox 995 3415 1217 3528; x_wconf 85' lang='lat' dir='ltr'><strong>Latinosque</strong></span> <span class='ocrx_word' id='word_1_158' title='bbox 1236 3459 1260 3505; x_wconf 88' lang='lat' dir='ltr'><strong>u</strong></span> <span class='ocrx_word' id='word_1_159' title='bbox 1276 3433 1315 3505; x_wconf 95' lang='lat' dir='ltr'><strong>in</strong></span> <span class='ocrx_word' id='word_1_160' title='bbox 1334 3417 1392 3504; x_wconf 90' lang='lat' dir='ltr'><strong>his</strong></span> 
     </span>
    </p>
   </div>
   <div class='ocr_carea' id='block_1_4' title="bbox 271 3577 1452 3946">
    <p class='ocr_par' dir='ltr' id='par_1_4' title="bbox 271 3577 1452 3946">
     <span class='ocr_line' id='line_1_24' title="bbox 272 3577 1391 3677; baseline -0.004 -24"><span class='ocrx_word' id='word_1_161' title='bbox 272 3578 420 3674; x_wconf 91' lang='lat' dir='ltr'><strong>quidem</strong></span> <span class='ocrx_word' id='word_1_162' title='bbox 444 3578 673 3677; x_wconf 89' lang='lat' dir='ltr'><strong>temporibus</strong></span> <span class='ocrx_word' id='word_1_163' title='bbox 695 3578 832 3674; x_wconf 86' lang='lat' dir='ltr'><strong>pariter</strong></span> <span class='ocrx_word' id='word_1_164' title='bbox 852 3577 1132 3675; x_wconf 88' lang='lat' dir='ltr'><strong>pronuntiasse;</strong></span> <span class='ocrx_word' id='word_1_165' title='bbox 1155 3599 1287 3671; x_wconf 84' lang='lat' dir='ltr'><strong>graeca</strong></span> <span class='ocrx_word' id='word_1_166' title='bbox 1304 3579 1391 3649; x_wconf 85' lang='lat' dir='ltr'><strong>vero</strong></span> 
     </span>
     <span class='ocr_line' id='line_1_25' title="bbox 272 3709 1442 3809; baseline -0.004 -23"><span class='ocrx_word' id='word_1_167' title='bbox 272 3714 422 3788; x_wconf 91' lang='lat' dir='ltr'><strong>nomina</strong></span> <span class='ocrx_word' id='word_1_168' title='bbox 443 3737 541 3788; x_wconf 91' lang='lat' dir='ltr'><strong>nuno</strong></span> <span class='ocrx_word' id='word_1_169' title='bbox 561 3731 705 3809; x_wconf 63' lang='lat' dir='ltr'><strong>graeca*</strong></span> <span class='ocrx_word' id='word_1_170' title='bbox 729 3735 827 3786; x_wconf 87' lang='lat' dir='ltr'><strong>nuno</strong></span> <span class='ocrx_word' id='word_1_171' title='bbox 855 3711 968 3785; x_wconf 90' lang='lat' dir='ltr'><strong>latine</strong></span> <span class='ocrx_word' id='word_1_172' title='bbox 991 3709 1262 3784; x_wconf 88' lang='lat' dir='ltr'><strong>declinantur¹.</strong></span> <span class='ocrx_word' id='word_1_173' title='bbox 1291 3709 1392 3782; x_wconf 87' lang='lat' dir='ltr'><strong>Cete·</strong></span> <span class='ocrx_word' id='word_1_174' title='bbox 1431 3749 1442 3781; x_wconf 66' lang='lat' dir='ltr'><em>s</em></span> 
     </span>
     <span class='ocr_line' id='line_1_26' title="bbox 271 3843 1452 3946; baseline -0.007 -24"><span class='ocrx_word' id='word_1_175' title='bbox 271 3873 353 3922; x_wconf 94' lang='lat' dir='ltr'><strong>rum</strong></span> <span class='ocrx_word' id='word_1_176' title='bbox 372 3849 637 3946; x_wconf 88' lang='lat' dir='ltr'><strong>leerumque</strong></span> <span class='ocrx_word' id='word_1_177' title='bbox 660 3846 874 3920; x_wconf 88' lang='lat' dir='ltr'><strong>ineuntibus</strong></span> <span class='ocrx_word' id='word_1_178' title='bbox 891 3845 1043 3919; x_wconf 84' lang='lat' dir='ltr'><strong>vocibus</strong></span> <span class='ocrx_word' id='word_1_179' title='bbox 1059 3843 1255 3938; x_wconf 89' lang='lat' dir='ltr'><strong>omittitur,</strong></span> <span class='ocrx_word' id='word_1_180' title='bbox 1275 3849 1313 3917; x_wconf 94' lang='lat' dir='ltr'><strong>ut</strong></span> <span class='ocrx_word' id='word_1_181' title='bbox 1330 3867 1338 3914; x_wconf 93' lang='lat'>:</span> <span class='ocrx_word' id='word_1_182' title='bbox 1433 3876 1452 3896; x_wconf 93' lang='lat'><strong>-·</strong></span> 
     </span>
    </p>
   </div>
   <div class='ocr_carea' id='block_1_5' title="bbox 433 4015 1121 4262">
    <p class='ocr_par' dir='ltr' id='par_1_5' title="bbox 433 4015 1121 4262">
     <span class='ocr_line' id='line_1_27' title="bbox 433 4015 1121 4086; baseline -0.006 -13"><span class='ocrx_word' id='word_1_183' title='bbox 433 4049 436 4056; x_wconf 90' lang='lat'>·</span> <span class='ocrx_word' id='word_1_184' title='bbox 519 4020 671 4086; x_wconf 74' lang='lat' dir='ltr'><strong>umiyare,</strong></span> <span class='ocrx_word' id='word_1_185' title='bbox 907 4015 1121 4084; x_wconf 80' lang='lat' dir='ltr'><strong>yperaeroosia,</strong></span> 
     </span>
     <span class='ocr_line' id='line_1_28' title="bbox 523 4105 1083 4174; baseline -0.007 -12"><span class='ocrx_word' id='word_1_186' title='bbox 523 4123 622 4174; x_wconf 86' lang='lat' dir='ltr'><strong>umor,</strong></span> <span class='ocrx_word' id='word_1_187' title='bbox 910 4105 1083 4173; x_wconf 75' lang='lat' dir='ltr'><strong>ypocoysz&#39;a,</strong></span> 
     </span>
     <span class='ocr_line' id='line_1_29' title="bbox 520 4183 867 4262; baseline -0.009 -12"><span class='ocrx_word' id='word_1_188' title='bbox 520 4212 695 4262; x_wconf 78' lang='lat' dir='ltr'><strong>umor-osus,</strong></span> <span class='ocrx_word' id='word_1_189' title='bbox 863 4183 867 4194; x_wconf 88' lang='grc'><strong><em>’</em></strong></span> 
     </span>
    </p>
   </div>
   <div class='ocr_carea' id='block_1_6' title="bbox 158 4337 1388 4590">
    <p class='ocr_par' dir='ltr' id='par_1_6' title="bbox 158 4337 1388 4590">
     <span class='ocr_line' id='line_1_30' title="bbox 271 4337 1388 4457; baseline -0.005 -24"><span class='ocrx_word' id='word_1_190' title='bbox 271 4383 343 4457; x_wconf 94' lang='lat' dir='ltr'><strong>quo</strong></span> <span class='ocrx_word' id='word_1_191' title='bbox 381 4365 418 4431; x_wconf 88' lang='lat' dir='ltr'><strong>et</strong></span> <span class='ocrx_word' id='word_1_192' title='bbox 460 4359 528 4432; x_wconf 91' lang='lat' dir='ltr'><strong>boo</strong></span> <span class='ocrx_word' id='word_1_193' title='bbox 574 4355 720 4456; x_wconf 89' lang='lat' dir='ltr'><strong>probari</strong></span> <span class='ocrx_word' id='word_1_194' title='bbox 759 4337 910 4428; x_wconf 79' lang='lat' dir='ltr'><strong>videtur</strong></span> <span class='ocrx_word' id='word_1_195' title='bbox 948 4360 1070 4431; x_wconf 83' lang='lat' dir='ltr'><strong>tuma</strong></span> <span class='ocrx_word' id='word_1_196' title='bbox 1103 4354 1250 4428; x_wconf 85' lang='lat' dir='ltr'><strong>Graecis</strong></span> <span class='ocrx_word' id='word_1_197' title='bbox 1283 4376 1388 4452; x_wconf 91' lang='lat' dir='ltr'><strong>aspe-</strong></span> 
     </span>
     <span class='ocr_line' id='line_1_31' title="bbox 158 4490 1387 4590; baseline -0.006 -21"><span class='ocrx_word' id='word_1_198' title='bbox 158 4535 161 4542; x_wconf 62' lang='grc'><strong><em>«</em></strong></span> <span class='ocrx_word' id='word_1_199' title='bbox 271 4516 354 4570; x_wconf 90' lang='lat' dir='ltr'><strong>rum</strong></span> <span class='ocrx_word' id='word_1_200' title='bbox 392 4491 564 4590; x_wconf 90' lang='lat' dir='ltr'><strong>spiritum</strong></span> <span class='ocrx_word' id='word_1_201' title='bbox 603 4490 678 4566; x_wconf 87' lang='lat' dir='ltr'><strong>non</strong></span> <span class='ocrx_word' id='word_1_202' title='bbox 705 4491 783 4587; x_wconf 85' lang='lat' dir='ltr'><strong>jam</strong></span> <span class='ocrx_word' id='word_1_203' title='bbox 816 4513 899 4564; x_wconf 90' lang='lat' dir='ltr'><strong>esse</strong></span> <span class='ocrx_word' id='word_1_204' title='bbox 931 4491 1241 4588; x_wconf 80' lang='lat' dir='ltr'><strong>pronuntiatum3</strong></span> <span class='ocrx_word' id='word_1_205' title='bbox 1278 4511 1387 4586; x_wconf 90' lang='lat' dir='ltr'><strong>saepe</strong></span> 
     </span>
    </p>
   </div>
   <div class='ocr_carea' id='block_1_7' title="bbox 309 4769 559 4842">
    <p class='ocr_par' dir='ltr' id='par_1_7' title="bbox 309 4769 559 4842">
     <span class='ocr_line' id='line_1_32' title="bbox 309 4769 559 4842; baseline -0.012 -14"><span class='ocrx_word' id='word_1_206' title='bbox 309 4773 317 4805; x_wconf 81' lang='lat'>1</span> <span class='ocrx_word' id='word_1_207' title='bbox 335 4770 377 4828; x_wconf 78' lang='lat' dir='ltr'><strong>or.</strong></span> <span class='ocrx_word' id='word_1_208' title='bbox 394 4784 423 4840; x_wconf 77' lang='lat' dir='ltr'><strong>p.</strong></span> <span class='ocrx_word' id='word_1_209' title='bbox 437 4769 482 4835; x_wconf 83' lang='lat' dir='ltr'><strong>oa,</strong></span> <span class='ocrx_word' id='word_1_210' title='bbox 497 4783 559 4842; x_wconf 82' lang='lat' dir='ltr'><strong>sqq.</strong></span> 
     </span>
    </p>
   </div>
   <div class='ocr_carea' id='block_1_8' title="bbox 0 0 1850 5788">
    <p class='ocr_par' dir='ltr' id='par_1_8' title="bbox 0 0 1850 5788">
     <span class='ocr_line' id='line_1_33' title="bbox 0 0 1850 5788; baseline 0 0"><span class='ocrx_word' id='word_1_211' title='bbox 0 0 1850 5788; x_wconf 95' lang='lat' dir='ltr'><strong> </strong></span> 
     </span>
    </p>
   </div>
  </div>
 </body>
</html>
