3692 5788
747 605 943 675 „29-

278 783 420 876 partem
451 778 628 874 reperias,
655 781 743 852 Pars
773 779 889 866 altera
920 782 1065 856 minimi
1097 785 1141 856 ad
1170 783 1402 880 propositum

277 917 445 988 nostrum
465 911 631 1000 interest,
659 937 731 1008 qua
751 937 859 989 vocas
882 937 945 988 eae
978 912 1216 992 continentur
1236 916 1401 990 Ciceroni

276 1045 507 1142 Caesarique,
540 1051 580 1120 ut
607 1046 765 1137 ridetur,
788 1047 947 1143 ignotae,
981 1050 1056 1121 scd*
1075 1063 1158 1149 post
1185 1073 1249 1122 eos
1278 1051 1398 1145 quoti-

274 1179 382 1254 diano
404 1179 628 1276 scriptorum
649 1204 719 1256 usu
745 1179 852 1258 tritae
879 1187 988 1278 atque
1009 1181 1094 1256 hinc
1114 1184 1191 1278 jam
1216 1192 1395 1281 receptae.

272 1312 412 1402 Quibus
449 1293 612 1396 omissis,
648 1315 777 1389 ordine
815 1315 859 1390 de
893 1315 1025 1389 ceteris
1065 1316 1274 1391 videbimus
1306 1339 1398 1416 quos

272 1452 440 1524 auctores
457 1423 680 1536 ‘habuerinb
702 1449 798 1522 unde
833 1449 1029 1526 Marcellus
1051 1474 1094 1527 aa
1123 1449 1326 1546 collegerit,
1351 1475 1397 1528 an
1436 1421 1447 1534 ,¹

271 1603 355 1652 rere
376 1580 518 1674 primus
539 1580 616 1654 illis
638 1605 727 1655 usus
754 1605 836 1655 esse
865 1582 1049 1657 videatur.
1392 1581 1394 1588 '

320 1771 514 1844 Neminem
552 1771 643 1867 sugit
676 1797 786 1870 quam
827 1797 936 1870 saepe
985 1774 1224 1866 deteriorum,
1272 1779 1394 1874 potius

270 1903 389 1978 dicam
409 1904 656 1980 recentiorum
683 1911 891 2004 temporum
914 1907 1113 2008 scriptores
1136 1910 1267 2008 priscis
1288 1913 1393 1986 obso-

266 2037 425 2134 letisque
456 2039 644 2113 vocabulis
665 2040 922 2116 delectentur:
946 2043 1024 2115 sire
1050 2044 1102 2116 ita
1127 2044 1308 2119 alliciatur
1328 2045 1393 2121 illa

266 2171 307 2258 Q.
325 2171 444 2246 Flacci
465 2174 674 2247 sententia:

314 2334 330 2376 c
360 2307 473 2382 Multa
494 2313 735 2382 renascantur
760 2333 851 2406 quae
882 2310 960 2408 jam
987 2309 1152 2384 cecidere
1176 2329 1233 2384 ¹...
1264 2341 1297 2398 a,
1321 2337 1385 2386 scu

261 2437 344 2530 sibi,
377 2463 488 2535 quom
509 2434 621 2512 verba
648 2439 693 2514 ab
725 2464 795 2513 usu
828 2439 1032 2536 quotidiani
1071 2443 1254 2514 sermonis
1276 2442 1388 2523 inter·

263 2571 377 2646 missa
405 2573 549 2647 curiose
571 2578 793 2670 repeterent,
823 2573 1105 2672 antiquioraque
1125 2575 1295 2670 exempla
1321 2575 1389 2650 im-

262 2707 376 2804 proba
397 2733 507 2782 manu
533 2715 736 2798 versarent.
767 2709 872 2783 lacile
901 2711 1097 2806 quamdam
1129 2719 1405 2806 compararent

259 2840 297 2914 in
330 2843 525 2916 scribendo
557 2843 772 2916 novitatem.
802 2844 927 2940 Neque
965 2843 1074 2916 aliter
1113 2844 1310 2916 Marcellus
1346 2846 1384 2919 iu

261 2978 515 3074 componendo
558 2977 685 3050 libello
721 3000 829 3050 voces
867 2977 990 3072 elegit,
1026 3017 1072 3034 -·
1112 2979 1176 3050 sed
1211 2979 1386 3052 scribenti
1424 2967 1425 2972 ¹

262 3111 407 3207 saepius
427 3112 573 3208 elapsae
601 3117 687 3184 suut
707 3135 813 3186 voces
838 3135 946 3207 quarn
970 3135 1099 3184 revera
1126 3111 1275 3200 electae,
1301 3137 1384 3188 -a

263 3244 399 3319 Catone
414 3245 472 3320 vel
489 3269 509 3318 a
524 3245 654 3319 Plauto
674 3246 754 3342 ipso
778 3246 1055 3319 commendatas
1075 3269 1083 3332 ;
1107 3248 1185 3320 sic:
1210 3293 1212 3297 -
1432 3227 1434 3237 ’

297 3435 458 3504 moneare,
474 3449 503 3506 p.
521 3435 565 3500 91,
582 3434 617 3488 t:
635 3434 770 3498 Terent,
786 3435 844 3488 Ad.
862 3447 909 3502 111,
924 3433 950 3498 l,
968 3433 1010 3488 ll.

271 3585 273 3591 ,
299 3521 459 3593 Extollere,
476 3539 505 3595 p.
521 3523 583 3592 25³2,
598 3523 630 3578 ll
648 3541 654 3577 :
673 3521 774 3578 Plaut.
790 3525 896 3577 Aulul.
915 3535 956 3589 tv,
976 3524 1002 3588 8,
1019 3525 1046 3578 9.
1117 3563 1120 3572 .

298 3612 458 3681 Incedere,
475 3628 507 3684 p.
527 3611 589 3677 ala,
606 3610 633 3680 9,
649 3610 736 3666 solus
752 3617 825 3666 ante
839 3611 1021 3669 Marcellum
1036 3611 1122 3678 Cato,
1139 3613 1214 3676 RH„
1232 3613 1292 3668 ltrl.

296 3701 463 3768 laatipara,
477 3715 508 3771 p.
526 3700 588 3768 ua,
605 3698 660 3755 20:
682 3697 770 3768 (lato,
786 3701 863 3765 ΗΒ,
879 3699 940 3756 113.
1175 3709 1178 3714 '

297 3785 1374 3861 Obsttpare,p.3il,l,l0rtasseaoripsarntsolusPlautus,Merc.l‚5,l6

272 3907 277 3946 ;
295 3881 493 3946 nimietates,
511 3895 537 3950 p.
554 3877 617 3945 ⁴286,
633 3877 676 3943 19,
696 3877 727 3933 id
743 3882 792 3934 eat
820 3893 985 3933 mensurae
1001 3877 1040 3933 ad
1063 3877 1201 3934 medium
1223 3875 1359 3950 repletae

261 3967 339 4028 Ean.
356 3984 405 4040 ap.
422 3966 514 4036 Gall,
532 3981 578 4032 ur,
595 3967 624 4022 t.

295 4056 456 4126 Adprime',
473 4072 502 4128 p.
516 4055 579 4118 225,
596 4053 786 4110 vocabulum
797 4057 969 4128 antiquius,
981 4055 1076 4111 semel
1091 4055 1175 4128 apud
1190 4058 1384 4126 Ciceronem,

260 4148 344 4215 Fica,
367 4159 414 4215 111,
429 4145 456 4210 9,
474 4161 531 4200 neo
546 4149 646 4210 certo,
664 4143 792 4216 legitur.

262 4324 474 4421 Composita
498 4325 563 4399 illa
593 4326 772 4400 vocabula
788 4349 797 4413 ;
829 4327 893 4399 sed
921 4333 958 4400 et
991 4327 1223 4424 simplicibus
1251 4328 1381 4402 eodem

263 4463 365 4552 pacto
386 4483 475 4532 usus
496 4465 576 4534 est:

297 4683 305 4716 1
322 4683 369 4736 ua
389 4683 463 4753 ra,
480 4684 523 4742 ro.
