3706 5748
850 573 1102 658 ,-68-

475 776 505 832 p.
521 757 584 825 301,
596 754 631 812 38
643 769 652 810 :
671 751 741 822 pari
753 751 842 806 modo
856 762 866 816 3

474 865 503 918 p.
518 845 581 914 160,
601 842 681 902 3011
698 856 782 914 pass.
800 855 807 895 :
827 839 940 906 impari
955 850 1106 898 numero,·

472 956 501 1011 p.
519 935 581 1002 376,
598 934 632 990 33
648 950 655 990 :
669 933 741 1002 pari
753 940 924 993 mensura,·

471 1044 499 1099 p.
517 1024 579 1090 378,
595 1023 628 1080 36
644 1019 715 1094 (ΡΙ.)
734 1037 742 1088 3
761 1020 830 1089 pari
841 1019 985 1086 pondere,

433 1215 469 1287 e't
499 1217 595 1286 recte
619 1209 781 1307 quidem,
811 1227 892 1278 mea
926 1198 1119 1289 sententia,
1158 1221 1268 1294 quom
1292 1199 1484 1294 genetivus
1517 1200 1555 1273 iu

433 1347 741 1446 pluralinumero
759 1343 898 1436 parium
919 1338 966 1409 sit
984 1341 1020 1408 et
1039 1337 1414 1430 impuriumveraque
1436 1325 1554 1422 radix,

431 1508 525 1575 porr.
799 1555 802 1562 ,

480 1617 550 1689 Sed
570 1613 672 1689 nulla
690 1611 758 1687 fuit
778 1606 952 1682 Marcello
968 1607 1094 1700 regula
1116 1605 1321 1677 scribendis
1335 1600 1372 1675 in
1392 1603 1554 1676 ablativo

429 1775 516 1824 casu
528 1746 730 1846 participiis
746 1743 845 1818 vocis
865 1741 1015 1829 activae,
1039 1740 1097 1814 vel
1116 1738 1306 1836 adjectivis
1322 1736 1552 1809 similibus¹:

467 1953 582 2005 recenti
598 1953 637 2020 lp.
656 1945 701 2015 85,
718 1946 752 2003 33
767 1963 774 2014 ;
791 1945 834 2014 94,
850 1945 866 2001 8
882 1961 889 2011 ;
909 1941 970 2007 105,
989 1941 1033 2013 19)
1050 1959 1058 2007 ;

468 2042 567 2095 hianti
581 2039 623 2111 (p.
640 2039 702 2103 173,
723 2037 747 2106 1)
763 2053 770 2102 ;

466 2132 609 2198 sequenti
624 2128 662 2200 (p.
679 2125 742 2194 377,
759 2125 823 2194 30);

466 2220 575 2276 calenti
590 2215 632 2288 (p.
651 2214 713 2279 351,
728 2214 773 2286 31)
788 2231 796 2281 ;

464 2309 617 2378 praesenti
633 2306 673 2378 (p.
691 2304 752 2371 373,
768 2302 795 2372 6)
810 2319 818 2369 ;

460 2399 589 2466 scroenlt
605 2397 643 2468 (p.
664 2393 725 2462 104,
740 2393 796 2457 30;
818 2391 878 2456 110,
896 2391 910 2446 3
928 2408 935 2460 3
954 2389 1012 2456 149,
1029 2389 1062 2445 30
1077 2407 1085 2456 ;
1107 2387 1167 2454 349,
1184 2386 1216 2442 13
1234 2405 1241 2454 ;
1258 2385 1319 2454 395,
1344 2384 1401 2456 10).

461 2491 596 2555 fervente
608 2483 651 2556 (p.
667 2483 729 2548 353,
748 2482 773 2548 1,
788 2479 857 2551 ΡΙ.)

464 2579 608 2632 candenti
621 2575 663 2646 (p.
677 2572 738 2639 383,
749 2571 780 2625 31
797 2586 807 2638 ;
827 2570 890 2638 355,
906 2569 971 2640 34);

462 2668 609 2720 candente
625 2663 666 2735 (p.
687 2661 749 2726 365,
768 2659 831 2732 14);

463 2758 617 2811 occidente
636 2753 677 2825 (p.
692 2748 812 2822 331,34)
828 2765 837 2816 ;

462 2847 590 2900 habente
610 2845 649 2916 (p.
666 2841 726 2910 370,
742 2840 758 2894 8
774 2856 782 2907 ;
803 2855 832 2910 p.
853 2837 914 2906 303,
928 2835 974 2906 33,
990 2836 1054 2892 Sor.
1070 2853 1077 2903 ;
1095 2833 1179 2903 ibid.z
1194 2832 1238 2899 36,
1252 2831 1317 2904 id.).

427 3029 503 3101 Hoc
523 3025 671 3121 quidem
706 3021 821 3096 asseri
847 3019 966 3118 possit
1002 3018 1040 3091 in
1060 3017 1250 3115 adjectivis
1288 3015 1545 3102 formamini,
1620 3027 1623 3034 ’

427 3165 464 3237 iu
484 3159 608 3234 verbis
635 3159 791 3232 sormam
811 3155 849 3229 in
869 3183 886 3228 1
914 3178 996 3228 esse
1016 3153 1243 3251 propositam
1261 3176 1269 3241 ;
1299 3175 1391 3246 quae
1417 3173 1547 3224 norma

426 3293 576 3396 optimis
611 3292 678 3367 tuit
716 3289 988 3389 scriptoribus;
1030 3289 1093 3361 sed
1130 3286 1315 3382 quomodo
1348 3283 1545 3381 justificari

425 3433 566 3532 possit:

460 3646 489 3701 p.
505 3627 567 3696 365,
582 3625 612 3680 14
625 3640 632 3680 :
649 3622 759 3694 patella
772 3617 949 3675 candente?

472 3820 635 3888 1111111111
645 3815 681 3885 11
699 3815 848 3883 sincerus
862 3805 1019 3903 quadam
1031 3827 1078 3876 ex
1091 3807 1194 3899 parte
1209 3803 1295 3873 suut
1308 3798 1540 3872 heteroclita:

457 4057 487 4112 p.
506 4040 566 4106 130,
588 4038 621 4094 35
639 4057 644 4092 ;
662 4039 715 4091 hoc
740 4033 999 4088 medicamentum
1016 4019 1157 4094 primum
1173 4025 1281 4077 auster
1295 4026 1338 4076 eat
1353 4017 1453 4092 (Ser).

456 4141 486 4202 p.
500 4129 562 4194 136,
578 4129 612 4185 30
629 4147 635 4182 :
654 4129 843 4194 temperatur
858 4123 929 4175 vino
945 4122 1070 4172 austere
1092 4117 1164 4167 bene
1179 4113 1287 4166 calide.

457 4237 488 4296 p.
504 4221 565 4288 166,
583 4217 616 4272 13
631 4234 638 4270 :
655 4229 759 4269 aemon
774 4212 879 4265 aelicta
895 4224 930 4262 ex
945 4209 1016 4260 vino
1031 4205 1157 4258 austere
1176 4206 1346 4268 sumptum.

454 4331 481 4386 p.
499 4309 561 4376 373,
577 4309 588 4360 1
605 4321 612 4361 :
628 4307 655 4360 11
671 4303 792 4356 sincere
805 4312 914 4366 corpus
927 4295 1059 4361 fuerit...

455 4421 484 4477 p.
499 4399 559 4467 339,
579 4395 705 4460 1111111
726 4393 797 4445 bene
810 4385 973 4442 elaterium
989 4385 1122 4438 sincere.

453 4605 461 4636 ¹
483 4601 559 4656 Haec
580 4600 621 4653 est
644 4589 837 4650 recentiorum
853 4582 1026 4653 scriptorum
1040 4574 1226 4641 cousuetudo,
1242 4572 1422 4642 maximeque
1442 4570 1542 4626 Hiero·

416 4681 506 4753 uymi.
519 4677 561 4739 Gt.
575 4675 702 4741 Goelzer,
715 4667 850 4728 laltntte'
861 4667 897 4720 dc
909 4663 941 4718 S.
955 4661 1087 4718 larome.
