3706 5748
519 824 662 876 ossicula.

518 909 619 974 ollula,
642 910 754 980 gallice
772 927 777 965 :
795 911 899 963 ouille.

519 1003 728 1055 ramusculus.

518 1091 704 1158 ranuncula,
720 1087 833 1159 gallice
850 1104 857 1143 :
878 1085 1059 1156 prenvuilie.

516 1181 687 1234 reniculus.

517 1266 688 1334 specillum.

516 1357 755 1410 sorbitiuncula.
1002 1402 1005 1418 ,

517 1446 678 1498 testiculus
694 1461 764 1500 cum
784 1451 856 1498 teste
873 1461 956 1514 pass.
974 1444 1145 1514 permixtus
1164 1461 1170 1508 3
1192 1442 1328 1514 gallice:
1353 1445 1500 1498 testiculo.

517 1537 670 1588 tunicula.

517 1625 658 1677 verulus.

517 1711 688 1779 vulpecula,
710 1709 846 1780 gallice:
869 1712 982 1779 qoupil.

516 1803 685 1870 vasculum,
703 1799 815 1871 gallice
834 1818 841 1853 z
861 1814 985 1866 vasque.

517 1892 717 1945 vermiculus.

516 1980 695 2045 ventriculi,
713 1978 825 2048 gallice
842 1993 848 2032 :
863 1979 1041 2032 ventriculo.

517 2070 721 2136 unpuiculns,
739 2065 850 2138 gallice
866 2085 873 2120 τ
889 2067 985 2134 onqle,
1003 2082 1059 2137 pro
1074 2067 1186 2135 unqui.

530 2245 691 2331 Cunctis
707 2247 837 2334 fateor,
854 2244 892 2317 in
910 2245 1144 2319 sermonibus
1159 2244 1366 2352 quislatina
1380 2246 1507 2340 lingua
1525 2246 1611 2319 Bar·

484 2381 658 2454 banorum
679 2379 819 2474 impetu
840 2378 1017 2474 collapsa,
1047 2378 1085 2451 in
1105 2378 1224 2452 lucem
1241 2385 1453 2466 evaserunt,
1477 2356 1609 2452 uocum

488 2511 703 2610 hujusmodi
715 2510 813 2584 haud
826 2535 931 2584 rarus
947 2517 1118 2603 estusus;
1137 2513 1311 2586 tamenin
1327 2512 1609 2609 gallioalingua,

489 2670 572 2719 cum
594 2670 659 2742 per
684 2645 1022 2742 pronuntiationem
1053 2669 1137 2719 mox
1165 2647 1257 2720 tines
1277 2647 1541 2721 vocabulorum
1555 2673 1612 2719 ce-

486 2779 655 2866 ciderint‚
680 2779 917 2874 singulariter
931 2781 1131 2854 deminutis
1142 2767 1291 2854 vocibus
1307 2782 1386 2854 sine
1404 2781 1481 2854 ulla
1497 2780 1612 2853 demi-

486 2911 926 3008 nutionissigniiicatione
942 2920 1109 2989 utuntur.
1127 2915 1424 2988 Hocmaximede
1438 2916 1611 2988 Marcello

483 3048 964 3143 animadversionedignum
978 3056 1046 3137 est,
1057 3050 1156 3145 quod
1173 3051 1250 3145 ipse
1257 3051 1333 3146 J'am
1349 3049 1607 3138 libentissime,
1637 3103 1653 3127 ,

483 3191 521 3258 ut
541 3183 697 3273 videtur,
714 3209 781 3257 neo
795 3184 873 3257 sine
894 3185 973 3258 ullo
989 3190 1088 3258 certo
1105 3185 1306 3281 proposito,
1326 3188 1447 3257 lentem
1463 3183 1556 3257 dixit
1575 3191 1610 3256 et

483 3321 690 3406 lenticulam,
709 3344 827 3390 aurern
842 3324 877 3391 et
893 3323 1085 3392 unricvlvrn
1103 3353 1115 3395 .·
1133 3320 1238 3417 eujus
1259 3319 1312 3392 rei
1335 3319 1413 3416 jam
1436 3318 1609 3414 exempla

484 3475 745 3550 proponemus.
767 3451 839 3541 Sic,

491 3657 501 3742 t
522 3674 552 3730 p.
568 3658 629 3718 279.
649 3661 682 3716 l8
698 3678 704 3712 :
718 3661 859 3713 convenit
880 3657 1040 3729 lenticula,
1055 3663 1198 3727 ptisana;

491 3747 501 3818 l
525 3763 553 3818 p.
570 3747 630 3815 279,
645 3746 700 3803 23:
717 3753 932 3815 praeterquam
948 3750 987 3800 ad
1003 3745 1118 3801 lentem
1132 3754 1158 3800 el
1180 3749 1336 3813 ptisanam

514 3839 549 3908 p.
569 3835 628 3902 tsi,
640 3837 672 3891 ll
687 3854 693 3890 :
709 3838 907 3905 papaveris...
921 3838 1019 3904 capita
1032 3851 1123 3904 quam
1137 3837 1275 3904 plurima
1292 3851 1365 3890 vaso
1377 3835 1464 3902 fictili
1476 3834 1611 3887 coiciun-

484 3932 536 3980 tur
559 3929 647 3993 atque
670 3941 750 3994 aqua
774 3926 1015 3992 superfunditur
1042 3929 1125 3980 lanta
1149 3930 1183 3978 nt
1198 3928 1359 3994 supersint
1385 3926 1421 3977 de
1443 3921 1609 3978 vasculo...

486 4021 546 4070 tres
563 4017 675 4082 diqiti;
695 4017 767 4068 haec
790 4016 842 4068 nbi
864 4015 968 4067 triduo
991 4019 1143 4068 macerata
1158 4017 1285 4082 tuerint,
1302 4016 1406 4067 codem
1431 4027 1506 4066 vaso
1529 4014 1610 4066 incv-

485 4109 642 4174 quuntnr.
660 4103 753 4175 (Ser.)

522 4211 550 4266 p.
572 4193 616 4260 85,
633 4191 669 4248 ὃς
689 4193 811 4246 Sevurn.
828 4233 834 4245 .
851 4191 981 4246 auribus
997 4196 1138 4258 infusum
1161 4196 1273 4262 optime
1288 4198 1387 4246 sanat.
1405 4193 1518 4254 Halani
1541 4206 1610 4259 quo-

484 4300 548 4352 que,
571 4284 604 4335 id
624 4287 667 4334 est
683 4283 799 4333 radicis
816 4297 893 4348 vitae
914 4284 1153 4345 manducantur,
1177 4297 1287 4338 succus
1305 4283 1433 4348 inlusus
1452 4278 1611 4336 auriculae

486 4372 603 4426 violenti
618 4373 779 4434 infinitum
794 4373 926 4437 prodest.

486 4561 655 4634 Ceterum
687 4556 739 4628 sic
766 4558 907 4652 positae
953 4563 1045 4654 sunt
1076 4566 1251 4652 utraeque
1295 4556 1434 4631 formas
1459 4555 1609 4630 ineunte

487 4719 566 4795 cap.
591 4717 671 4780 vm,
695 4691 725 4762 si
748 4691 877 4764 ordine
907 4692 1141 4788 inspexeris:
1173 4717 1305 4778 aurem,
1331 4716 1444 4780 cures,
1469 4694 1605 4763 anricu-
