3706 5748
762 660 958 726 -57-
1070 715 1072 718 .

301 837 366 911 llic
378 837 528 933 quidem
542 835 729 931 nequibat,
747 840 831 934 post
846 833 975 929 toperi,
990 836 1057 932 qub‘
1068 844 1246 940 supponi;
1262 847 1327 920 sed
1344 846 1425 921 sine

302 970 414 1045 dubio
445 968 555 1042 aliter
584 968 694 1042 scribi
710 969 903 1064 potuisset,
927 972 1000 1046 nisi
1013 971 1189 1068 junctura
1201 977 1290 1051 haec
1317 977 1424 1052 facile

303 1109 402 1178 esset
415 1105 593 1178 admissa.
609 1105 716 1200 Ergo,
729 1129 840 1199 quom
852 1107 949 1203 apud
960 1108 1117 1184 Graecos
1131 1112 1425 1210 praepositiones

303 1238 341 1312 in
361 1238 551 1336 principiis
585 1238 723 1310 luerint
742 1219 930 1331 adverbia,
958 1243 1291 1341 adverbiorumque
1321 1270 1424 1322 more

303 1353 464 1483 recepta,
492 1396 576 1446 mox
602 1378 726 1446 autem
760 1398 951 1470 nunquam
980 1377 1052 1450 nisi
1077 1402 1160 1451 cum
1182 1381 1425 1455 substantivis

304 1507 600 1595 admitterentur,
623 1514 761 1580 contra'
779 1509 877 1605 apud
898 1510 1061 1600 batiaca,
1098 1513 1367 1611 praecipueque
1388 1517 1426 1588 in
1465 1498 1467 1502 ⁵

304 1631 474 1715 sermone
494 1640 651 1735 vulgari⁷
673 1640 851 1737 paulatim
872 1667 1002 1717 rursus
1016 1645 1153 1720 {iebant
1172 1671 1219 1721 ex
1237 1651 1426 1747 praeposi-

303 1757 467 1850 tionibus
477 1775 663 1866 adverbia,
679 1775 1039 1875 subaudiebaturque
1056 1781 1246 1856 haudraro
1258 1785 1425 1858 substan·

305 1911 434 2000 tivum,
457 1911 555 2005 quod
570 1919 778 2006 temporum
799 1914 1067 1987 consuetudine
1095 1918 1292 2012 praestitit,
1324 1945 1360 1991 v.
1390 1945 1426 2016 g.

306 2046 455 2141 gallice:

453 2255 469 2291 a
487 2251 566 2299 avec,
581 2252 671 2308 pour,
689 2240 800 2299 contre,
817 2237 938 2299 devant,
953 2242 1055 2301 auant,
1072 2239 1172 2308 apres,
1189 2243 1250 2295 etc.
1271 2261 1285 2292 a

308 2436 433 2516 Cicero
461 2442 540 2539 ipse
567 2457 645 2516 onte
676 2451 711 2517 et
726 2459 800 2538 post
813 2446 1074 2522 adverbiorum
1098 2446 1217 2520 instar
1228 2445 1426 2535 utebatur;
1513 2423 1515 2428 ’

307 2577 505 2674 multiplex
520 2578 607 2650 inde
628 2603 717 2651 usus
737 2579 867 2652 evasit.

357 2713 428 2786 Sed
452 2719 488 2785 et
514 2713 573 2784 hic
591 2713 825 2808 potissimum
845 2714 943 2810 apud
959 2737 1026 2787 nus
1046 2713 1163 2787 valuit
1183 2738 1285 2801 usus,
1305 2719 1345 2786 ut
1363 2738 1429 2810 pro

308 2847 423 2921 nihilo
452 2846 670 2944 saepissime
702 2847 908 2921 habeantur
940 2872 1004 2922 eae
1026 2848 1320 2945 praepositiones
1335 2872 1430 2942 quae

309 3007 393 3057 cum
414 2983 536 3057 verbis
556 2983 731 3056 adstricta
742 2983 962 3080 cunjunctae
983 2989 1095 3056 sunt:

489 3199 502 3232 a
522 3183 706 3250 aperceuoir,
728 3181 887 3244 conduire,
908 3181 1063 3243 re'aoudre,
1082 3183 1220 3249 rempha,
1238 3200 1253 3230 a

310 3385 422 3476 utque
451 3362 641 3452 iteratiuae
668 3378 726 3452 vel
741 3401 973 3473 quocumque
993 3379 1104 3451 modo
1118 3378 1305 3452 derivatae
1323 3403 1433 3452 voces

310 3479 377 3612 pro
392 3514 622 3611 simplicibus
638 3513 860 3585 habeantur:

454 3743 626 3796 «manqer,
648 3729 786 3791 chanter,
811 3731 923 3796 captor,
949 3741 1060 3789 casser,
1085 3727 1270 3792 compar.»

311 3918 490 3990 Notemus
510 3920 654 4004 tautum
689 3937 898 3988 sermonem
918 3915 1015 4011 apud
1039 3938 1107 3988 nos
1135 3915 1233 3989 haud
1253 3914 1432 3987 itainsta·

312 4051 424 4123 bilem
455 4051 749 4144 fluitantemque,
781 4055 821 4121 ut
840 4049 891 4120 ita
918 4048 1052 4134 dicam,
1080 4049 1211 4139 videri,
1234 4072 1302 4121 uec
1330 4053 1433 4122 tanta

312 4212 395 4263 cum
416 4185 648 4280 neglegentia
660 4184 782 4257 verbis
797 4184 849 4257 uti
864 4205 945 4272 noS,
964 4209 1063 4257 nunc
1078 4183 1321 4280 simplicibus
1337 4207 1435 4256 nunc

313 4320 543 4419 compositis,
575 4343 642 4398 nec
670 4342 737 4414 pro
767 4342 986 4414 unaquaque
1002 4342 1041 4391 re
1055 4324 1108 4390 tot
1128 4319 1241 4391 verba
1258 4317 1430 4391 admitti:

314 4458 389 4552 qui,
419 4456 464 4527 ad
485 4456 688 4549 rexemplar
722 4450 900 4540 Marcelli,
929 4452 1046 4525 libere
1078 4451 1281 4548 quamlibet
1307 4476 1434 4526 vocem

316 4589 457 4678 scribit,
490 4612 557 4660 nec
579 4587 761 4660 delectum
791 4587 988 4660 verborum
1012 4586 1133 4676 habet,
1165 4611 1232 4659 nec
1258 4596 1361 4660 curat
1393 4597 1434 4663 ut

315 4724 470 4798 diversis
491 4721 649 4811 diversa,
673 4721 800 4794 eadem
817 4719 956 4793 eisdem
985 4720 1136 4795 vocibus
1164 4721 1429 4817 exprimantur,
1504 4784 1511 4802 .
