3706 5748
671 661 970 732 .-125—

297 838 450 910 luminis
475 836 650 910 atterendi
671 858 824 908 numero
840 815 1037 910 verborum
1060 835 1318 931 potiusquam
1339 831 1423 910 dili⁴

299 949 434 1066 gentio.
452 971 540 1044 lnde
561 975 613 1042 tot
634 969 720 1041 illae
735 969 939 1043 sententiae
968 970 1029 1043 ubi
1043 969 1222 1044 articulus
1242 971 1302 1042 vix
1325 968 1427 1042 desi·v
1485 977 1488 984 ’

300 1105 450 1178 deretur
481 1112 516 1177 et
552 1103 763 1198 requiritur,
787 1104 879 1176 adeo
905 1103 1003 1176 clare
1029 1109 1182 1201 apparet
1215 1103 1277 1175 ubi
1299 1108 1335 1175 et
1353 1126 1425 1197 quo
1491 1197 1495 1202 ¹
1539 1087 1542 1094 ⁴

300 1239 661 1312 modointerceteras
674 1261 781 1310 voces
793 1239 985 1334 ponendus
996 1238 1059 1310 sit!
1075 1239 1161 1311 lude
1175 1235 1422 1333 totpraeposi·

298 1373 418 1462 tiones
436 1373 583 1446 casibus
595 1373 772 1469 paulatim
784 1373 820 1448 in
833 1373 955 1446 locum
970 1375 1219 1461 succedentes,
1233 1370 1420 1443 interdum

300 1509 383 1604 plus
420 1532 537 1603 aequo
572 1506 848 1595 disseminatae,
889 1508 953 1580 sed
986 1507 1143 1601 ubique,
1184 1510 1224 1578 ut.
1260 1505 1417 1592 videtur,

300 1643 440 1738 positae
470 1665 541 1738 quo
570 1643 686 1735 magis
719 1643 924 1738 majorique
957 1641 1097 1724 lumine
1129 1639 1314 1712 sententia
1347 1643 1421 1710 tota

299 1777 535 1872 pelluceret3
573 1776 659 1847 inde
699 1777 787 1848 liaeo
834 1775 994 1871 plurima
1034 1797 1252 1872 synonyma,
1288 1772 1420 1868 quibus

269 1931 273 1939 '
299 1913 495 2006 recognitis
523 1911 627 1984 nulla
642 1911 720 1982 fieri
743 1919 869 2006 posset
889 1911 1044 2002 errati03
1062 1911 1147 1982 inde
1162 1917 1198 1982 et
1212 1910 1301 1981 haec
1315 1914 1419 1981 aute-

300 2044 467 2117 cedentia
494 2045 715 2142 pronomina
746 2044 935 2120 rarissime
957 2045 1166 2133 subaudita,
1194 2043 1263 2117 etsi
1285 2042 1421 2116 nihilo·

299 2181 422 2251 minus
456 2186 599 2275 poterat
633 2203 767 2252 sensus
787 2180 939 2276 percipi,
978 2203 1084 2275 quae,
1120 2178 1338 2274 sicutsigna
1364 2167 1446 2249 hic'
1505 2154 1508 2159 ¹

301 2312 497 2407 atqueillic
511 2313 860 2410 legentiproposita,
877 2315 987 2403 viam,
1008 2321 1046 2388 ut
1058 2313 1108 2387 ita
1123 2314 1254 2402 dicam,
1272 2313 1424 2410 apertis·

301 2427 393 2520 sime
405 2449 717 2536 demonstrarent,
735 2472 974 2546 erroremque
987 2449 1148 2522 lacerent
1165 2447 1420 2535 rarissimum;

302 2582 387 2656 iude
407 2581 731 2678 conjunctionibus
755 2605 900 2679 quoque
920 2585 1180 2656 antecedentes
1197 2582 1422 2679 conjunctio-

303 2736 367 2787 nes
383 2738 391 2803 ;
406 2721 440 2788 et
454 2714 669 2811 longissima
682 2718 771 2789 baec
784 2718 843 2792 vel
855 2718 967 2790 verba
980 2719 1039 2790 vel
1053 2717 1204 2790 numina
1216 2717 1348 2812 quibus
1361 2723 1423 2792 aut
1460 2804 1463 2811 Ι

301 2835 483 2945 praefixae
494 2856 555 2924 aut
566 2850 719 2923 suffixae
731 2850 938 2946 particulae.
949 2859 1098 2924 sensum
1114 2849 1298 2946 utrimque
1316 2874 1421 2945 prae-

300 2982 483 3071 cidebant,
498 3007 539 3054 ac
551 2982 781 3058 multimodis
794 2983 1015 3057 strictiorem
1031 2983 1299 3078 significabant3
1313 2993 1422 3077 atque

299 3118 364 3191 illa
383 3118 507 3207 verba,
530 3142 625 3214 quae
639 3143 737 3192 nuuc
753 3123 859 3190 modis
872 3122 1070 3192 oumtliarto
1087 3119 1272 3207 dicuntur,
1289 3117 1421 3191 indies

301 3252 554 3349 multiplicata,
572 3276 664 3348 quae
684 3256 854 3325 raedorum
867 3253 1087 3326 senteutiam
1103 3254 1140 3325 in
1161 3259 1287 3349 aperto
1311 3276 1423 3348 pona·
1449 3232 1462 3250 ⁹

299 3386 389 3470 bant
408 3410 474 3458 nec
489 3386 568 3482 jam
585 3410 665 3458 eam
687 3386 874 3459 licentiam
897 3387 1033 3459 dabant
1051 3386 1179 3459 lectori
1198 3392 1237 3484 ut
1255 3386 1291 3458 in
1309 3384 1422 3483 inspi-

299 3517 432 3593 'ciendo
465 3520 577 3592 verbo
613 3519 671 3592 vel
706 3520 898 3593 falleretur
929 3522 987 3593 vel
1021 3522 1201 3594 haereret.
1232 3522 1286 3610 Et,
1326 3522 1423 3615 qood

300 3653 508 3726 mirabilius
525 3658 594 3742 est,
611 3654 739 3750 lingua
756 3655 807 3727 sic
821 3655 1029 3728 adulterata
1054 3679 1127 3728 non
1144 3663 1269 3727 tamen
1285 3659 1426 3726 mutata

299 3794 356 3861 est
375 3787 563 3875 radicitus
588 3789 653 3860 sed
687 3788 903 3862 felicissime
922 3789 1076 3877 variata,
1099 3788 1372 3884 lectoribusque
1386 3788 1423 3858 iu
1457 3818 1459 3822 ·
1573 3789 1575 3798 ’

299 3923 377 3996 dies
391 3906 559 4020 pluribus
576 3924 679 3997 tactis
694 3947 846 4020 prorsus
865 3925 1156 3998 accommodata.
1173 3922 1254 3994 Jam
1269 3922 1423 4031 gallicos

298 4058 928 4160 cauterio,utdiximus¹,sermoest,
938 4058 983 4130 ad
994 4057 1165 4152 gallicum
1176 4057 1422 4129 recentiorum

299 4194 508 4287 temporum
524 4193 664 4288 vergit3
685 4193 750 4266 sed
771 4199 881 4286 formu
902 4189 1039 4265 latinus
1057 4196 1124 4281 est,
1143 4197 1178 4264 et
1191 4189 1423 4264 soloecismis

297 4346 439 4413 carens,
458 4328 493 4396 et
508 4325 749 4398 barbarismis
763 4325 889 4414 nullis,
905 4326 974 4399 nisi
989 4326 1081 4398 sorte
1097 4349 1162 4421 pro
1177 4323 1422 4398 barbarismis

298 4456 533 4552 accipiendus
566 4460 612 4532 sit
641 4481 736 4532 unus
767 4463 803 4531 et
832 4457 927 4531 alter
958 4458 1099 4555 lapsuS,
1131 4464 1193 4532 aut
1222 4456 1422 4530 nonnullae

337 4731 345 4765 ¹
362 4731 405 4789 Ct.
428 4747 455 4804 p.
475 4733 535 4791 124.
