3706 5748
677 651 899 718 -1152

222 866 273 878 -
298 823 546 920 comparativa
576 822 815 918 singulariter
836 823 974 919 passim
997 823 1234 896 scribuntur:

264 1051 293 1106 p.
311 1033 423 1099 attus
439 1051 445 1090 ;
462 1036 494 1087 in
512 1035 584 1089 iocis
600 1035 877 1088 verecundioribus
891 1048 899 1098 ;

266 1141 296 1196 p.
315 1124 375 1193 105,
393 1124 425 1180 34
441 1141 447 1176 z
463 1126 587 1192 pravius
603 1125 732 1189 anatum

263 1231 293 1286 p.
311 1215 373 1278 367,
390 1213 444 1269 30:
462 1215 581 1282 herbae,
595 1229 671 1280 quae
685 1213 860 1267 minoribus
874 1213 956 1283 foliis
972 1217 1038 1279 sst;

220 1400 435 1498 -jamque
456 1401 626 1497 pluribus
648 1400 686 1473 iu
704 1400 797 1473 locis
813 1423 929 1474 novoe
950 1399 1218 1473 sententiarum
1240 1403 1352 1492 struc-

227 1537 540 1624 turaeuotaudae
569 1541 653 1608 suut
678 1561 686 1607 t

264 1754 292 1809 p.
310 1737 372 1804 309,
386 1735 402 1791 b
417 1752 425 1792 ε
441 1737 555 1793 anulus
568 1735 604 1791 fit
619 1736 657 1793 de
673 1742 784 1794 exusta
797 1737 904 1792 tunica
919 1739 1005 1792 texta
1022 1751 1098 1792 auro
1115 1752 1122 1803 ;

266 1832 341 1899 etp.
359 1826 423 1898 110,
441 1826 494 1894 19;
513 1827 576 1897 173,
592 1826 706 1895 3;999,
720 1826 752 1881 tl
770 1825 868 1898 (Son),
886 1829 946 1883 etc.

278 2018 324 2089 At
343 2018 411 2090 hoc
434 2016 595 2090 maxime
609 2016 787 2090 debemus
807 2015 1013 2102 attendere,
1030 2037 1143 2110 quom
1157 2012 1354 2087 Marcellus

232 2150 282 2222 ita
302 2173 411 2222 voces
433 2150 630 2246 disposuit,
647 2150 753 2246 quasi
772 2151 934 2222 articulos
967 2170 1089 2222 sermo
1116 2147 1254 2220 latinus
1277 2147 1355 2244 jam

230 2283 350 2380 graeci
371 2285 553 2356 sermonis
577 2285 696 2356 instar
723 2283 935 2379 recepisset,
965 2307 1030 2357 seu
1056 2281 1226 2355 utilitatis
1246 2305 1357 2355 causa

234 2433 305 2505 quo
324 2409 439 2504 magis
462 2409 595 2482 niteret
615 2410 798 2528 sententia
818 2413 853 2481 ot
879 2407 1030 2496 luceret,
1055 2430 1120 2480 seu
1141 2406 1265 2479 nescio
1286 2429 1358 2501 qua

234 2543 353 2642 graeci
365 2542 511 2616 articuli
531 2544 882 2649 commemoratione
897 2543 1015 2632 iaota;
1034 2541 1086 2615 sic
1099 2540 1196 2639 apud
1208 2538 1357 2614 Marcel·

237 2677 314 2752 lum
330 2678 418 2754 talia
434 2678 592 2774 legimus
608 2703 617 2753 ε

279 2903 308 2957 p.
329 2884 387 2952 rib,
404 2887 436 2941 15
451 2901 459 2940 ε
475 2883 527 2954 (τὸ)
540 2889 659 2954 pinque
673 2886 767 2941 laridi
782 2905 789 2952 ;

276 2991 304 3046 p.
324 2974 382 3041 169,
397 2974 412 3029 4
429 2979 459 3029 et
474 2991 556 3046 pass.
571 2994 578 3029 ε
593 2977 671 3030 adde
685 2973 739 3048 (τὸ)
753 2991 851 3043 supra
871 2978 990 3032 dictum
1008 2977 1153 3045 pondus;

276 3081 305 3136 p.
323 3065 385 3131 206,
403 3064 435 3120 19
451 3079 458 3120 :
476 3069 514 3118 ad
532 3063 617 3137 (τοὺς)
632 3069 814 3134 sanquinem
830 3067 1016 3132 tussientcs;

276 3171 305 3224 p.
322 3152 385 3219 916,
401 3151 416 3206 l
432 3169 438 3206 :
461 3151 591 3226 (τούτοις)
605 3156 659 3222 qni
673 3156 838 3222 patiantur
855 3157 962 3220 dabis,

276 3259 305 3314 p.
322 3241 386 3308 275,
404 3240 437 3297 10
454 3249 485 3296 et
500 3259 582 3314 pass.
598 3259 606 3299 :
621 3245 660 3296 ad
678 3240 733 3313 (τὰ)
749 3258 846 3312 snpra
863 3245 965 3309 dicta;

278 3349 307 3403 p.
324 3331 386 3394 293,
402 3330 456 3388 33:
475 3335 592 3387 dantur
607 3330 686 3404 (τοῖς)
701 3335 843 3388 robustae
863 3336 971 3387 aetatis
990 3339 1102 3403 septem
1120 3352 1127 3401 ;
1164 3320 1167 3328 ¹

278 3436 307 3492 p.
324 3419 386 3486 996,
405 3419 435 3474 ll
453 3437 460 3474 τ
476 3423 614 3489 potiones
631 3423 667 3475 de
683 3419 744 3493 (τῷ)
759 3423 912 3490 permixto
927 3425 1030 3489 finnt3

278 3527 305 3582 p.
323 3508 386 3574 308,
403 3509 436 3564 ‘28
451 3527 457 3564 :
475 3512 613 3578 pastillos
629 3510 685 3582 (τῷ)
703 3513 760 3565 coti
775 3513 878 3565 dolore
891 3513 1054 3581 laboranti,
1068 3516 1140 3579 eta,
1156 3514 1217 3568 etc.

246 3701 415 3776 Ovidium
437 3702 554 3775 lateor
573 3703 639 3775 bac
659 3702 808 3776 licentia
828 3703 1009 3798 usquead
1035 3683 1240 3777 extremum
1259 3726 1367 3778 usum

248 3858 342 3925 esse,
364 3859 446 3909 cum
471 3834 523 3907 sic
542 3835 701 3913 cecinit:
1125 3843 1127 3848 ’

803 4029 816 4060 n
841 4009 977 4065 ...Duris

334 4098 442 4156 Mollia
457 4100 624 4166 certabant,
640 4097 720 4170 (τοῖς)
734 4101 802 4153 sine
815 4101 952 4169 pondere
968 4097 1109 4154 babentia
1123 4101 1265 4167 pandum
1285 4119 1299 4150 a

251 4310 313 4383 sed
332 4311 480 4384 unicum
498 4311 564 4383 tuit
583 4313 795 4409 hujusmodi
820 4310 1044 4406 exemplum,
1063 4312 1151 4385 dum
1174 4310 1371 4385 Marcellus

251 4432 377 4504 eadem
411 4433 497 4506 iacit
528 4434 700 4529 plurima.
723 4437 862 4509 Revera
894 4437 1041 4510 videtur
1074 4436 1264 4528 articulus,
1294 4437 1372 4535 jam

252 4564 453 4652 redivivus,
476 4565 598 4638 locum
627 4566 695 4639 sibi
725 4567 903 4644 selectum
934 4579 1194 4668 servatumque
1217 4572 1372 4669 jamjam

254 4727 335 4778 esse
360 4711 617 4800 occupaturus.
635 4706 740 4793 Quod
760 4707 970 4798 Marcellus,
993 4709 1117 4796 credo,
1135 4707 1372 4806 nouprospi·
