3692 5788
737 717 926 786 ,19-

205 908 207 918 “
231 877 235 882 ⁵
258 893 476 983 constiterit3
505 891 536 965 si
557 890 727 964 conscius
746 890 814 964 luit
833 887 1058 966 insertorum
1081 893 1261 989 locorum,
1285 899 1383 973 mul·
1423 873 1425 882 Α

257 1037 335 1104 tum
358 1026 560 1115 sudaverit,
580 1025 792 1099 ueclrustra
806 1025 971 1116 omnino,
992 1027 1038 1100 ad
1053 1027 1274 1105 imitandum
1290 1038 1383 1106 tem-

237 1188 389 1266 porum
427 1162 624 1236 meliorum
643 1182 854 1274 sermonem
885 1166 994 1256 atque
1032 1161 1277 1260 elegantiam3
1318 1165 1378 1241 sin

260 1307 383 1374 autem
402 1298 634 1394 imprudente
653 1295 720 1369 illo
733 1297 822 1369 haec
835 1296 974 1369 inserta
988 1304 1088 1388 sunt,
1109 1301 1313 1396 putandum
1328 1309 1385 1376 θεῖ
1417 1317 1419 1334 ·

261 1433 480 1529 Burdigalae
500 1433 538 1504 in
559 1431 641 1504 istis
662 1430 891 1526 temporibus
905 1431 1003 1505 haud
1019 1430 1069 1506 ita
1087 1432 1229 1510 litteras
1242 1459 1384 1510 sermo-

261 1537 419 1662 nemque
433 1591 436 1598 ’
448 1565 693 1660 degenerasse
707 1589 725 1654 ;Ι
738 1564 831 1637 adeo
852 1569 891 1637 ut
906 1563 1064 1662 scriptor
1079 1565 1200 1662 q'uarti
1219 1574 1301 1666 post
1316 1569 1381 1643 Ch.

232 1700 375 1811 *seculi
391 1723 474 1773 cum
504 1689 761 1795 scriptoribus
785 1699 903 1773 tribus
930 1706 1015 1774 ante
1046 1701 1196 1790 seculis,
1218 1702 1382 1780 laudatis

260 1835 434 1932 contundi
455 1835 561 1908 lacile
576 1834 636 1907 sit.
653 1835 757 1923 Quod
778 1839 921 1909 certum
938 1839 1008 1924 est,
1026 1836 1079 1910 sic
1099 1837 1242 1914 facilius
1258 1819 1388 1937 exqui-
1465 1872 1468 1878 ·

260 1979 363 2046 retur
382 1972 503 2066 quoad
532 1964 654 2043 sermo
675 1968 922 2045 litteratorum
944 1971 1152 2049 Theodosio
1166 1983 1343 2071 regnante
1363 2001 1385 2050 a

252 2101 429 2179 'sermone
448 2105 663 2201 Vespasiani
677 2085 735 2178 vel
749 2104 859 2178 etiam
874 2104 1017 2180 Claudii
1030 2106 1197 2182 Caesaris
1216 2111 1381 2185 distaret.

289 2293 292 2300 -
309 2241 488 2329 Proiecto,
507 2264 553 2312 ne
567 2238 753 2337 extemplo
768 2240 1008 2314 ostendamus
1023 2243 1239 2318 Marcellum
1253 2234 1384 2342 parum
1495 2323 1498 2330 ,

260 2374 447 2450 curavisse
463 2379 589 2450 utrum
612 2374 799 2472 eleganter
817 2363 994 2450 scriberet
1019 2401 1067 2450 an
1094 2378 1245 2472 rustice,
1268 2379 1385 2476 pluri-

261 2511 332 2585 mis
351 2511 391 2584 in
404 2509 497 2586 locis
515 2509 759 2585 dubitandum
771 2534 853 2583 esse
865 2509 1012 2585 videtur
1025 2536 1072 2586 ne
1089 2514 1285 2590 Marcellus
1305 2517 1386 2613 ipse

261 2645 508 2736 Scribonium·
531 2637 572 2720 ut
584 2650 736 2743 apparet
757 2645 958 2737 arcadiae,
980 2648 1271 2746 transcripserit.
1292 2651 1386 2726 Nus·

175 2821 177 2824 ·
231 2827 238 2844 ·
260 2805 371 2879 quam
391 2781 765 2880 quidemScribonius
782 2781 995 2856 nominatus
1009 2789 1079 2873 est,
1102 2763 1214 2880 quom
1233 2784 1385 2863 interim

259 2941 443 3016 expresse
471 2915 614 2992 Plinius
654 2921 823 3014 uterque,
858 2918 895 2989 id
927 2925 982 2990 est
1021 2917 1163 2993 Plinius
1197 2921 1383 3018 majorae

239 3051 578 3143 ¹Pseudo-Plinius,
609 3052 873 3148 designantem
898 3053 962 3125 sed
983 3053 1046 3126 ille
1062 3077 1127 3151 per
1153 3083 1170 3124 a
1192 3057 1279 3128 altos
1298 3081 1382 3130 non·
1469 3039 1471 3041 ’

255 3194 397 3264 nullos»
419 3189 575 3285 intelligi
595 3188 727 3286 potuit,
751 3177 794 3260 eo
814 3184 968 3261 sortasse
987 3190 1103 3286 magis
1124 3190 1222 3286 quod
1240 3191 1385 3267 minore

257 3350 344 3424 prae
363 3325 495 3400 ceteris
522 3325 619 3397 lama
645 3329 823 3397 uteretur.
852 3321 937 3413 Sea
968 3348 1046 3421 cap.
1069 3349 1136 3398 vnr
1160 3329 1205 3400 nd
1222 3351 1334 3400 omues
1354 3339 1386 3400 et
1426 3320 1427 3326 ’

261 3462 465 3554 multiplices
477 3463 646 3532 ocolorooc
657 3462 795 3548 dolores,
819 3464 876 3547 ll,
892 3483 927 3555 p.
947 3465 1005 3549 ol,
1022 3459 1269 3535 itaScribonii
1283 3461 1385 3537 locus

260 3594 550 3671 transcribitur:
578 3621 593 3662 a
616 3596 688 3682 Non
708 3607 820 3666 cotem
839 3595 1075 3686 praeteritate
1102 3598 1223 3668 dobere
1250 3600 1286 3670 le
1296 3621 1384 3690 pru-

263 3733 377 3803 dentes
392 3731 573 3816 oculorios,
595 3731 714 3821 quibos
732 3731 764 3798 si
791 3731 930 3799 nomine
950 3726 1101 3818 dixeris,
1129 3733 1197 3802 etc.
1224 3757 1240 3800 n
1270 3732 1385 3805 Porro

264 3867 348 3960 filiis
366 3864 445 3939 suis
473 3861 669 3938 Marcellus
696 3861 833 3935 librum
863 3862 1023 3959 scripsit.
1046 3863 1118 3939 Cur
1145 3871 1180 3938 et
1200 3864 1384 3961 quomodo

169 3981 171 3984 ¹
263 3979 389 4099 potuit
411 4000 475 4075 ille
495 3998 691 4096 transcribi
711 3998 815 4072 locus
852 3998 902 4072 ita
933 4001 977 4072 ad
999 4000 1231 4078 Scribonium
1261 4002 1384 4099 ipsum

212 4211 215 4218 ,
265 4136 440 4224 attinens,
462 4142 503 4210 ut
522 4158 629 4221 uuus,
654 4156 728 4208 non
743 4131 880 4228 plures,
901 4133 1113 4229 designatus
1135 4136 1195 4225 sit,
1217 4136 1386 4232 adquam

263 4271 358 4347 liber
375 4271 423 4348 sit
436 4268 655 4345 dedicatus?
674 4267 843 4346 Vidimus
854 4268 933 4365 jam
953 4276 1060 4343 antea
1073 4243 1162 4344 duas
1183 4275 1243 4344 ilci
1258 4270 1391 4345 delini·

262 4406 385 4490 ,tiones
400 4406 599 4480 admodum
630 4403 727 4476 inter
747 4426 785 4475 se
801 4402 914 4484 fuisse
929 4403 1107 4491 diversas,
1123 4431 1202 4503 cap.
1219 4430 1338 4479 xxvnr
1355 4410 1399 4492 et

265 4565 384 4633 xxrx3
406 4541 558 4616 ineunte
572 4545 695 4613 autem
712 4562 791 4634 cap.
810 4563 903 4624 xxa,
919 4563 956 4634 p.
971 4543 1009 4612 at
1020 4545 1054 4626 5,
1075 4565 1095 4612 a
1115 4540 1390 4615 Scribonianum

269 4676 435 4750 remedia
457 4676 592 4766 solum,
616 4674 682 4748 sed
712 4678 749 4748 et
776 4671 1035 4747 transitionem
1062 4680 1264 4765 mutuatur,
1306 4673 1390 4747 licet

270 4810 375 4886 nulla
398 4834 560 4908 unquam
596 4814 763 4907 exparte
787 4808 867 4906 ipsc
883 4809 1175 4884 ¹transitionibus
1203 4833 1292 4883 usus
1313 4787 1361 4883 sit
1382 4825 1389 4880 :'
