3706 5748
707 645 902 716 ..83-

239 827 354 900 tentio
370 851 389 900 a
406 828 542 926 ,lectore
558 823 781 920 requiratur,
810 847 877 896 nec
891 821 1052 920 majores
1079 824 1125 896 ad
1152 824 1361 919 colligenda

241 961 366 1035 omnia
395 962 452 1034 vel
480 957 720 1056 intelligenda
748 958 896 1054 singule
915 964 1068 1033 conatus
1100 962 1363 1055 praestandum

241 1098 312 1170 sit?
348 1098 428 1170 lam
455 1094 651 1169 discutitur
674 1101 709 1168 et
743 1095 781 1167 in
803 1101 925 1190 partes
952 1093 1138 1167 ueletiam
1165 1095 1365 1190 particulas
1399 1162 1401 1166 ,

243 1229 425 1303 sententia
445 1233 654 1304 resecatur:
686 1229 768 1325 quis
791 1228 890 1301 enim
907 1227 1036 1303 auditu
1056 1227 1262 1324 longiorem
1281 1254 1364 1303 sen·

245 1363 395 1439 tentiam
436 1386 589 1462 prorsus
622 1337 790 1459 accipiat,
826 1364 1043 1459 praesertim
1078 1362 1116 1435 in
1151 1361 1367 1459 hujusmodi

244 1501 368 1589 rebuS,
384 1521 622 1594 quarumuna
635 1498 793 1571 tortasse
807 1496 946 1570 omissa
961 1504 1134 1586 mortem,
1152 1525 1227 1574 non
1238 1501 1367 1591 vitam,
1460 1507 1467 1520 '

245 1633 460 1733 perniciem,
488 1656 562 1706 non
582 1631 802 1721 remedium,
819 1637 1009 1729 comparet
1027 1637 1063 1707 et
1082 1635 1278 1731 praebeat?
1296 1635 1367 1708 Sed

246 1794 292 1843 nc
319 1769 414 1844 forte
435 1792 567 1842 sensus
582 1767 635 1840 ita
654 1766 879 1864 fractusjem
901 1791 976 1840 non
989 1772 1088 1843 totus
1106 1768 1366 1866 conspiciatur,

247 1885 530 2002 pronominibus
546 1925 635 1976 usus
647 1907 704 1975 est
715 1901 907 1975 Marcellus
919 1901 1015 1976 sicut
1036 1901 1196 1977 vinculis
1211 1904 1268 1992 uel
1288 1929 1369 1978 cer·

250 2040 412 2128 dinibus,
429 2063 472 2113 eo
492 2039 661 2136 pluribus
682 2062 754 2135 quo
775 2037 883 2135 plura
893 2039 972 2136 jam
994 2048 1120 2114 essent
1130 2042 1168 2114 in
1188 2042 1371 2116 sententia
1428 2069 1432 2095 ¹

251 2175 417 2249 membra
442 2179 478 2249 et
506 2173 723 2268 fragmenta.
752 2171 892 2246 Crescit
912 2178 948 2246 ct
968 2179 1136 2270 augetur,
1158 2183 1267 2273 prout
1287 2201 1371 2250 sen-

252 2309 388 2385 tentiae
432 2307 714 2400 deminuuntur,
763 2308 1027 2405 pronominum
1068 2333 1179 2399 usus3
1214 2335 1372 2408 quorum

251 2447 365 2520 altere
394 2447 610 2550 sequentem
629 2447 772 2540 partem
794 2442 1067 2540 praenuntiant,
1091 2446 1208 2519 altera
1226 2471 1375 2544 preecc-

252 2579 401 2651 dentem
433 2577 738 2651 commemorant.
774 2578 918 2665 Quanto
939 2562 1061 2652 minus
1092 2582 1375 2676 pronominibus

254 2713 466 2799 utebantur,
489 2717 530 2785 ut
554 2717 696 2785 ceteros
718 2711 902 2804 omittam,
930 2712 990 2786 vel
1017 2712 1143 2788 Cicero
1170 2715 1228 2789 cui
1243 2739 1376 2812 parrae
1410 2743 1413 2750 ·

254 2871 363 2922 curae
391 2851 482 2937 erat,
506 2847 536 2919 si
556 2845 726 2944 pluribus
741 2845 849 2919 lincis
866 2846 1031 2944 subjecto
1050 2849 1206 2952 uerbum
1218 2854 1376 2948 antepo-

255 2988 418 3070 neretur,
440 2987 503 3055 aut
517 2981 802 3080 postpositivum
814 2981 980 3078 jaceret!
1005 2983 1065 3056 vel
1078 2983 1229 3076 Seneca,
1252 2985 1377 3082 quiite

258 3115 436 3193 exsolutis
466 3116 646 3190 scribebat
673 3115 882 3205 sententiis,
912 3121 951 3190 ut
981 3119 1183 3213 aegerrime
1207 3143 1378 3196 nonnun-

259 3275 381 3349 quam,
400 3275 483 3325 cum
498 3249 728 3346 singularum
746 3274 877 3324 sensus
895 3257 993 3325 esset
1005 3250 1250 3342 clarissimus
1265 3255 1378 3330 totius

219 3480 223 3486 A
257 3385 328 3460 loci
348 3391 472 3488 tamen
491 3390 597 3457 tenor
617 3389 652 3457 ct
672 3408 778 3457 mens
792 3389 828 3457 et
848 3409 920 3479 quo
939 3391 1109 3482 vergeret
1122 3388 1376 3485 laudaretque,

260 3520 475 3619 appareret!
500 3518 876 3616 Plurimumprosunt
896 3543 938 3594 ee
950 3519 1220 3616 pronominain
1238 3547 1380 3599 sermo·

260 3655 370 3730 nibus
389 3656 574 3750 analyticis
607 3677 706 3727 nunc
724 3637 935 3751 appelletis,
958 3656 1018 3751 qui
1033 3655 1146 3730 medii
1166 3659 1276 3754 positi
1293 3665 1380 3734 sunt

261 3787 359 3859 inter
379 3785 467 3860 illos
488 3786 550 3881 qui
576 3785 680 3882 quasi
699 3809 851 3882 corpore
866 3791 963 3860 stant
979 3787 1146 3880 immani,
1165 3797 1202 3865 et
1216 3792 1302 3867 illos
1318 3795 1380 3891 qui

262 3944 337 3996 non
360 3921 440 4019 jam
485 3919 687 3994 sententies
715 3921 863 4011 habent,
901 3924 965 3995 sed
998 3925 1120 4020 potius
1145 3926 1383 4025 disjectarum
1478 3959 1480 3964 ·

264 4056 430 4134 membra
449 4055 716 4130 sententiarum
731 4079 813 4128 esse
829 4057 1035 4134 videantur.

313 4321 403 4396 lnde
430 4320 472 4393 fit
491 4362 538 4376 -
561 4320 652 4393 hacc
680 4326 737 4394 est
760 4319 827 4396 illa
852 4330 1015 4402 secunda
1034 4355 1093 4404 res
1115 4331 1225 4428 digna
1239 4359 1332 4430 quae
1346 4336 1385 4410 in

267 4456 385 4530 lucem
417 4453 626 4551 proferatur
656 4462 766 4531 —ut
794 4458 1095 4555 frequentissima
1119 4463 1387 4545 consuetudine

267 4588 586 4686 vulgatetritaque
597 4594 1027 4691 etcontusapronomina
1037 4603 1215 4697 paulatim
1227 4606 1387 4700 quadam

268 4749 312 4799 cx
327 4729 430 4822 parte
443 4723 481 4798 in
493 4720 667 4798 adverbia
680 4730 819 4802 mutata
839 4727 925 4803 sint.
943 4733 1049 4824 Nam,
1066 4761 1177 4832 quom
1190 4739 1387 4814 continuus
