3706 5748
745 623 965 694 -lbl—

290 815 458 891 libellum
485 813 596 898 hunc,
626 801 859 883 ulduinus,
881 805 1051 874 currente
1077 799 1219 874 calamo
1238 803 1407 894 absolvit,

291 974 365 1024 non
392 945 558 1045 perfecit.
582 943 698 1029 Quom
729 903 844 1031 igitur
864 933 992 1007 stilum
1009 958 1117 1031 saepe
1145 945 1343 1026 verterent,
1365 940 1410 1012 li-

290 1085 449 1179 brosque
478 1086 513 1153 et
533 1075 698 1151 carmina
718 1091 862 1146 summa
890 1093 972 1142 cum
995 1068 1188 1166 diligentia
1207 1046 1416 1169 expolirent
1519 1087 1522 1104 '
1620 1077 1625 1087 '

289 1219 348 1292 vel
375 1215 575 1305 Ausonius
598 1213 656 1285 vel
684 1205 876 1286 Paulinus,
904 1202 963 1276 vel
991 1203 1165 1296 Rutilius,
1186 1207 1247 1280 vel
1263 1207 1324 1280 alii
1340 1208 1420 1304 plu-

290 1353 387 1441 rimi,
399 1351 712 1440 classicorumque
725 1343 889 1438 leporem
903 1362 944 1410 ac
960 1361 1150 1411 romanam
1165 1325 1410 1416 urbanitatem

289 1490 567 1570 venerarentur,
585 1478 780 1554 Marcellus
796 1473 888 1546 nibil
912 1477 1064 1546 conatus
1083 1480 1150 1563 est,
1168 1475 1239 1547 nisi
1253 1481 1294 1548 ut
1307 1477 1411 1550 libel-

260 1657 265 1664 ·
290 1619 366 1694 lum
389 1615 568 1713 proximis
596 1612 839 1698 utilissimum
857 1607 1086 1681 reconderet.
1113 1609 1214 1682 Adde
1241 1609 1353 1712 quod,
1375 1611 1411 1683 in

291 1749 504 1849 hujusmodi
526 1771 636 1846 opere
655 1717 845 1842 adjutores
863 1765 951 1814 sane
967 1713 1040 1814 bon
1061 1741 1235 1833 deerant;
1254 1768 1413 1840 namque
1466 1823 1469 1832 ,

291 1895 326 1961 et
356 1884 589 1960 Scribonium
622 1881 792 1956 versabat
819 1876 1040 1973 saepiusque
1071 1878 1352 1971 transcribebat,
1377 1885 1413 1953 et

290 2017 615 2093 Pseudo-Plinium
636 2017 756 2113 ipsum
787 2009 898 2085 Plinii
926 2009 1085 2082 Secundi
1115 2010 1353 2102 imitatorem,
1373 2037 1414 2085 ao

291 2157 481 2249 supererat
496 2150 720 2247 optimorum
738 2147 944 2220 studiorum
969 2144 1177 2241 veterisque
1198 2146 1415 2244 disciplinae

292 2267 483 2371 memoria,
512 2288 705 2378 postquam
735 2277 962 2351 clarissimas
984 2277 1067 2350 illas
1091 2280 1414 2379 Burdigalensium

290 2419 435 2492 scholas
456 2417 604 2491 assidue
626 2414 804 2488 coluerat.
826 2413 929 2499 Quod
952 2411 983 2483 si
1011 2411 1225 2486 litterarum
1246 2439 1411 2511 parvam,

290 2556 377 2626 dum
412 2551 552 2638 scribit,
581 2572 706 2622 curam
742 2545 905 2630 retinuit,
937 2546 1069 2618 saltem
1099 2547 1136 2619 in
1180 2549 1245 2622 illo
1277 2549 1408 2636 inerat,

291 2692 415 2782 utpote
433 2685 582 2781 optimis
599 2683 740 2756 artibus
771 2681 917 2753 exculto
947 2688 1055 2776 atque
1077 2684 1250 2772 enutrito,
1279 2709 1322 2758 ex
1340 2711 1411 2782 quo

281 2844 373 2918 pure
395 2823 566 2914 recteque
583 2817 743 2913 quadam
767 2839 810 2887 ex
835 2822 936 2911 parte
971 2817 1162 2890 scriberet.
1188 2819 1267 2891 Non
1290 2819 1354 2909 ita,
1372 2821 1408 2894 in

280 2953 521 3050 praefatione,
559 2950 714 3024 barbare
748 2948 990 3045 imperiteque
1031 2950 1176 3025 locutus
1204 2960 1272 3040 est,
1302 2953 1404 3041 dum,

176 3127 179 3134 ·
282 3087 379 3184 quod
401 3087 438 3158 iu
458 3084 554 3157 libro
576 3085 655 3180 ipso
686 3082 813 3171 defuit,
833 3083 931 3154 circa
962 3108 1087 3157 curam
1119 3085 1300 3160 sermonis
1327 3111 1408 3160 ver-

284 3227 399 3310 satur,
422 3225 636 3316 attenteque
653 3219 776 3290 animo
798 3216 836 3289 in
857 3217 1081 3291 latinitatem
1104 3219 1298 3293 incumbit.
1323 3220 1408 3309 Sed,

284 3377 395 3450 quom
425 3351 647 3449 elegantiam
677 3351 896 3448 plerumque
922 3376 1070 3425 omnem
1102 3354 1340 3451 neglexisset,
1360 3357 1412 3428 ita

169 3495 172 3502 ’
283 3488 494 3562 factumest
520 3491 621 3559 uteo
650 3485 766 3581 magis
797 3486 932 3560 Gallice
964 3488 1155 3590 scriberet,
1188 3514 1259 3584 quo
1288 3490 1409 3564 minus

282 3620 475 3694 latinitatis
512 3621 675 3694 studium
704 3621 893 3710 retineret,
932 3620 1183 3717 paulatimque
1213 3624 1258 3695 ad
1292 3623 1406 3697 Galli-

280 3779 360 3828 cam
390 3755 428 3828 in
465 3756 651 3851 loquendo
685 3756 992 3828 consuetudinem
1024 3756 1265 3831 relaberetur.
1303 3761 1407 3830 Eam-

282 3894 365 3974 dem
386 3893 432 3965 ob
449 3915 610 3978 causam,
634 3891 728 3964 nulli
745 3892 951 3985 aequalium
969 3891 1074 3986 plone
1095 3891 1228 3970 similis
1245 3889 1311 3969 est.

328 4027 512 4100 Ausonius
533 4026 646 4113 enim,
667 4024 776 4130 paulo
799 4024 950 4120 quidem
978 4024 1179 4119 antiquior,
1198 4025 1292 4099 sicut
1312 4023 1408 4099 llar-

277 4160 393 4233 oellus
414 4159 590 4255 majorem
612 4159 742 4232 aetatis
765 4165 909 4256 partem
940 4159 1036 4252 apud
1060 4158 1300 4254 imperatores
1321 4161 1406 4251 egit,

279 4295 436 4368 summis
450 4299 601 4366 ornatus
618 4293 880 4390 dignitatibus,
903 4292 1196 4389 Burdigalaeque
1216 4294 1277 4366 diu
1296 4319 1408 4368 senex

280 4428 394 4508 vixit:
415 4429 479 4501 sed
501 4429 677 4524 magister
697 4436 1005 4524 praeceptorque,
1024 4427 1121 4501 idem
1144 4437 1179 4501 et
1202 4429 1407 4525 exquisitus

274 4561 468 4656 facilisque
483 4568 518 4634 et
537 4560 683 4656 lepidus
700 4567 817 4656 pocta,
836 4585 1027 4655 nunquam
1045 4562 1210 4636 alitteris
1225 4563 1377 4636 recessit
1394 4589 1401 4637 :

282 4697 359 4770 sive
377 4699 616 4768 Parentcb'bua
632 4669 1011 4787 Commemoruttoor'qua
1027 4699 1254 4788 Professorum
1272 4697 1402 4770 Burdi-
1423 4737 1426 4750 .
