3692 5788
959 630 1128 695 ..a-,-

487 802 696 878 studiorum
725 828 878 902 expers;
904 810 956 894 at,
984 807 1024 876 ut
1039 801 1184 899 opinor,
1198 799 1285 886 libri
1309 801 1389 897 ejus
1409 801 1600 886 materies,

482 937 605 1035 judice
631 962 687 1031 eo,
719 940 859 1013 turmae
884 939 994 1034 longe
1020 937 1243 1037 praestabat.
1265 935 1455 1010 Scribebat
1476 936 1541 1023 ita,
1564 944 1603 1009 ut

482 1072 539 1146 illi
566 1073 628 1170 qui
652 1074 746 1150 bene
772 1074 1020 1172 scripserant,
1054 1072 1274 1167 loquebatur
1296 1070 1359 1161 ita,
1389 1076 1429 1144 ut
1457 1070 1512 1144 illi
1540 1070 1602 1166 qui

478 1203 632 1305 pulchre
651 1214 734 1284 ‘tum
755 1209 1020 1306 loquebantur3
1051 1215 1192 1305 partem
1215 1206 1253 1280 in
1282 1205 1594 1304 disputationibus

479 1341 561 1416 istis
578 1345 802 1440 sequebatur
818 1350 1003 1418 neutram.

384 1569 387 1576 γ
488 1477 489 1482 ’
526 1477 600 1552 Nec
627 1478 751 1553 miuus
783 1479 834 1553 ita
858 1503 898 1553 se
929 1473 1144 1552 Scribonius
1169 1476 1306 1574 Largus
1337 1475 1599 1551 inscribendo

486 1618 688 1706 gesserat:
726 1613 802 1709 qui,
822 1613 915 1687 nihil
944 1613 982 1686 in
1014 1612 1138 1686 animo
1169 1611 1323 1702 habens,
1346 1610 1419 1685 nisi
1447 1616 1610 1708 utquam

476 1747 636 1843 optimas
657 1746 949 1843 utilissimasque
975 1746 1140 1820 medelas
1158 1744 1197 1819 in
1221 1746 1437 1842 adspectum
1457 1745 1596 1843 produ-

476 1887 585 1968 ceret,
622 1906 696 1957 non
726 1883 834 1957 aliter
865 1882 1032 1957 libellum
1067 1903 1175 1957 suum
1203 1883 1243 1953 de
1282 1884 1597 1956 Medicamentorurn

475 2020 776 2110 Compositionibus
803 2016 1036 2112 conscripsit,
1067 2039 1142 2090 non
1166 2015 1274 2091 aliter
1295 2039 1426 2088 ccuxxr
1449 2038 1599 2089 enume-

474 2150 568 2224 ravit
598 2150 773 2242 remedia‚
803 2175 878 2226 non
902 2152 1009 2225 aliter
1030 2153 1240 2226 tractandas
1268 2174 1326 2254 res
1347 2149 1534 2247 exposuit;
1557 2173 1598 2224 ac

473 2308 624 2359 necesse
650 2291 729 2360 erat
748 2293 916 2380 utquam
943 2286 1364 2385 plurimiintellegerent
1378 2312 1388 2374 3
1403 2291 1452 2373 et,
1473 2283 1505 2359 si
1525 2309 1596 2380 qua

472 2425 643 2517 exparte
668 2419 882 2495 Ciceronem
907 2420 1073 2493 imitatus
1101 2426 1157 2494 est
1186 2444 1227 2494 ac
1260 2409 1418 2509 Livium,
1454 2419 1500 2494 ad
1525 2420 1595 2493 hoe

471 2556 730 2629 tantummodo
768 2554 934 2630 imitatus
977 2562 1047 2644 est,
1089 2561 1141 2646 ut,
1178 2557 1299 2651 quoad
1337 2553 1417 2629 tieri
1450 2562 1589 2652 posset,

473 2690 647 2784 quamdiu
668 2690 739 2780 illi,
762 2692 902 2766 tamdiu
922 2692 1001 2789 ipse
1017 2692 1215 2787 legeretur.

514 2817 583 2898 ¹llle
602 2829 738 2914 autem,
761 2826 823 2921 qui
849 2826 1070 2900 Medicinam
1098 2826 1209 2899 Plinii
1241 2825 1390 2922 scripsit
1412 2847 1590 2920 -quem

472 2959 614 3057 primus
629 2959 796 3034 omnium
807 2959 973 3035 imitatus
988 2965 1044 3034 cst
1059 2966 1187 3033 noster
1198 2959 1409 3048 Marcellus,
1426 3001 1473 3016 -
1484 2957 1598 3033 Plinii

469 3091 631 3167 Secundi
663 3094 764 3169 locos
797 3094 978 3191 plurimos
1006 3095 1085 3169 sine
1106 3093 1183 3169 ulla
1201 3100 1279 3167 arte
1300 3118 1418 3189 neque
1447 3089 1594 3190 ingenio

471 3234 716 3324 excerpserat.
742 3229 854 3303 Verbi
869 3230 998 3326 gratia,
1028 3229 1126 3328 quod
1147 3228 1198 3302 ita
1217 3217 1416 3326 scripserat
1435 3228 1591 3318 Plinius,

471 3363 530 3446 28,
555 3366 622 3433 56:
651 3393 667 3430 «
690 3368 780 3437 Mero
797 3377 877 3436 unte
896 3389 1024 3436 somnos
1046 3368 1186 3436 colluere
1204 3389 1264 3435 eru
1284 3371 1421 3456 propter
1446 3365 1589 3451 balitus,

469 3499 602 3588 sripidu
616 3501 796 3571 metallinis
814 3503 943 3592 impuri
960 3524 1097 3571 nurnero
1117 3502 1162 3570 nd
1184 3501 1343 3570 canendos
1360 3499 1510 3590 dentium
1535 3500 1593 3592 do·

473 3634 602 3704 lorea...
616 3645 707 3706 certa
720 3599 943 3727 conprimendo
962 3646 1053 3722 sunt,
1079 3663 1095 3700 »
1114 3633 1279 3707 imitator
1292 3633 1344 3707 sic
1362 3631 1535 3721 reddidit,
1555 3637 1589 3722 t,

473 3772 536 3838 12:
562 3795 579 3838 u
605 3770 699 3841 *llere
730 3770 770 3864 (l)
798 3781 876 3840 unte
897 3772 1179 3841 somnescolluere
1207 3794 1268 3840 oro
1296 3737 1433 3861 propter
1462 3769 1591 3839 balitus

467 3905 601 3994 sripide
612 3905 799 3975 utiledicit.
817 3931 834 3972 r>
850 3903 926 3975 Nec
940 3903 1103 3977 medicus
1113 3893 1195 3990 luit,
1213 3907 1250 3976 at
1261 3903 1414 3975 medicis
1428 3901 1588 3975 maxime

468 4017 636 4110 intensus
659 4060 702 4108 :c
726 4041 928 4131 Frequenter
953 4042 1040 4110 mili
1059 4042 1096 4110 in
1121 4041 1452 4132 perrprinetionibus
1467 4039 1591 4108 oceidit

466 4183 505 4241 ut
517 4183 579 4241 aut
587 4155 727 4264 propter
740 4198 849 4244 rneurn
865 4186 927 4245 eut
938 4185 1074 4266 propter
1084 4197 1232 4248 meorum
1243 4175 1460 4266 infirmitates
1473 4173 1592 4240 uerius

464 4306 587 4396 [raude
601 4309 803 4380 medicorum
818 4287 1046 4402 emperiieerer
1055 4310 1428 4402 quibusdemuilissirnn
1440 4305 1590 4376 remedia

464 4441 661 4533 inpentibus
673 4447 797 4536 pretiis
819 4447 1047 4530 vendentibus,
1071 4446 1156 4516 eliis
1169 4468 1209 4515 ea
1227 4462 1444 4536 quaeeurure
1466 4441 1590 4520 nescie-

463 4579 544 4647 bant
562 4579 763 4670 eupidr'totir
787 4604 891 4652 ceusu
913 4583 1219 4673 suscipientibus...
1244 4567 1453 4670 Quapropter
1480 4597 1589 4646 neces·

461 4715 592 4783 surium
612 4715 700 4786 inibi
712 4719 822 4787 uisum
839 4725 887 4787 est
911 4726 949 4786 ut
967 4717 1115 4807 undique
1129 4715 1335 4786 ualetudinis
1350 4711 1490 4782 euuiliu
1509 4730 1586 4781 cen-

1823 1063 1824 1080 t

1823 1085 1824 1100 t

1823 1101 1824 1136 l

1649 2263 1652 2278 t

1629 3748 1638 3773 x

1823 5541 1824 5570 l

1823 5571 1824 5584 r
