3706 5748
924 589 1147 661 -tos-

461 797 464 804 ·
507 782 536 838 p.
558 765 619 834 tto,
642 764 682 822 6:
708 767 857 834 Pyretirri
882 781 1001 836 quoquc
1033 767 1124 820 radix
1153 767 1404 822 commanducata
1428 769 1598 825 multorum

472 853 580 910 lecerit
594 855 738 918 dolorem,
754 855 814 911 nisi
825 854 903 910 forte
918 857 1092 910 multorum
1104 869 1161 927 pro
1173 853 1321 911 adverbio
1336 857 1474 927 positum
1485 861 1542 912 est.

517 1031 697 1129 Denique,
727 1033 766 1106 in
786 1032 1070 1108 medicinalibus
1091 1031 1263 1106 formulis
1289 1033 1349 1106 vel
1372 1032 1592 1124 rationibus,

469 1168 605 1266 passim
627 1167 862 1265 reperiuntur
882 1190 1058 1264 praesens
1077 1166 1266 1240 indicativi
1288 1167 1402 1256 modi,
1425 1168 1591 1244 futurum

461 1301 649 1398 ejusdem,
669 1324 844 1399 praesens
860 1308 923 1376 aut
943 1302 1109 1378 iuturum
1130 1300 1352 1398 imperativi,
1371 1303 1592 1399 quandoque

470 1434 595 1508 omnia
613 1434 712 1509 inter
731 1460 771 1509 se
787 1436 996 1533 permixta:

503 1640 533 1696 p.
545 1624 607 1691 130,
621 1625 637 1681 2
653 1639 661 1682 :
675 1627 790 1693 quibua
805 1627 899 1680 rebus
912 1625 1128 1690 dentifricium
1141 1625 1301 1692 cereptum
1314 1625 1405 1690 iacies
1417 1625 1498 1692 qood
1515 1625 1596 1679 doto-

467 1729 533 1768 rern
548 1713 688 1768 dentium
702 1715 797 1776 sedat,
812 1729 921 1782 eosque
936 1716 1108 1780 confirmat,
1126 1716 1186 1768 ctu.
1432 1780 1436 1790 Ι

503 1819 534 1874 p.
554 1801 618 1872 ι207,
640 1801 699 1858 ru:
725 1805 845 1878 tamdiu
873 1804 945 1857 haec
969 1805 1117 1870 decoquas
1131 1803 1283 1870 quamdiu
1310 1804 1421 1858 herbae
1442 1809 1594 1868 arescant,

463 1899 569 1962 postca
585 1894 726 1948 colentur
740 1897 769 1946 et
781 1894 910 1948 additur
925 1908 1010 1947 cerae
1026 1895 1116 1948 libra.
1451 1877 1454 1884 ’

502 1997 532 2052 p.
555 1978 615 2047 tta,
637 1979 694 2035 30:
717 1984 851 2056 prodeat
868 1983 1046 2034 torminosie
1072 1983 1118 2034 lac
1133 1984 1250 2050 potum,
1271 1982 1305 2034 in
1327 1981 1449 2048 quod...
1473 1983 1594 2047 terrum

465 2071 600 2124 candens
614 2071 783 2124 demissum
798 2071 906 2139 fuerit,
921 2071 949 2122 ai
965 2074 1069 2124 tantan
1085 2085 1147 2124 non
1161 2069 1393 2135 febricitabunt.
1424 2063 1428 2072 '

468 2246 606 2337 Semel,
628 2271 664 2344 p.
689 2249 774 2338 369,
797 2251 858 2338 35,
889 2248 1082 2346 participio
1112 2254 1307 2349 praesente
1347 2251 1587 2350 praeteritum

458 2381 700 2479 significatur
723 2405 731 2453 :

502 2578 624 2634 Potio...
641 2592 733 2646 qaam
748 2578 851 2646 pridie
867 2592 930 2632 non
948 2579 1091 2632 coenanti
1109 2592 1166 2646 per
1182 2579 1257 2632 duos
1270 2593 1424 2634 menaea...
1440 2579 1538 2633 dabis.

516 2756 659 2830 Modica
671 2755 740 2830 erit
756 2756 969 2829 conclusio:
986 2755 1065 2830 sine
1081 2755 1193 2830 dubio
1207 2755 1480 2853 permiscentur
1493 2756 1591 2829 inter

460 2903 505 2965 'se
538 2895 746 2981 temporum
780 2889 1025 2986 simpliciores
1054 2891 1218 2980 formae3
1243 2892 1341 2964 uude
1368 2891 1587 2979 sententiae,

459 3026 538 3123 jam
576 3024 810 3098 obscuriores
854 3024 981 3114 iactae,
1026 3023 1253 3102 illustriores
1290 3024 1588 3122 compositasque

462 3160 601 3233 formas
629 3159 816 3254 requirere
845 3159 1080 3247 videbantur,
1109 3159 1202 3232 sicut
1228 3183 1313 3233 mox
1335 3159 1476 3248 evenit;
1495 3160 1587 3232 nihil

462 3293 574 3368 ultra.

460 3418 461 3424 ’
510 3425 561 3497 De
582 3427 691 3497 modis
708 3425 906 3529 prpecipua
924 3426 1014 3498 hacc
1035 3429 1123 3498 nota
1143 3424 1226 3514 erit,
1249 3425 1349 3521 quod
1378 3425 1486 3499 valde
1509 3447 1584 3496 rer-

462 3559 594 3632 borum
627 3560 737 3630 modis
765 3561 1000 3632 occiliorium
1030 3559 1162 3631 crescit
1199 3582 1403 3632 numerus:
1442 3560 1478 3632 id
1515 3566 1584 3650 est,

463 3692 680 3790 saepissime
704 3699 788 3789 post
812 3693 924 3767 verba
943 3693 1123 3788 quaedam
1147 3692 1293 3767 tollitur
1313 3692 1486 3767 infinitivi
1504 3692 1588 3766 sub·

456 3827 597 3924 jectum
613 3849 625 3916 3
653 3813 869 3923 praesertim
897 3835 980 3922 post
1007 3826 1118 3899 verba
1146 3827 1248 3914 haec,
1280 3833 1410 3900 contra
1430 3826 1586 3922 scripto·

461 3974 543 4034 rum
562 3962 786 4057 optimorum
802 3961 1125 4049 consuetudinem,
1148 3959 1330 4034 infinitivo
1351 3960 1582 4057 praeposito:
1605 4013 1609 4018 -

458 4099 584 4188 secere,
618 4098 828 4186 permittere,
871 4119 1004 4181 curare,
1039 4099 1205 4186 prodesse,
1240 4097 1444 4188 compellere,
1487 4096 1583 4184 dore,

461 4232 595 4314 holere,
613 4252 833 4314 consuescere,
853 4218 1062 4322 praecipere,
1083 4234 1169 4317 etc,
1189 4252 1281 4323 quae
1309 4227 1433 4302 omnia
1453 4226 1587 4322 gallice

459 4387 556 4436 nunc
585 4335 666 4437 curn
693 4362 886 4435 infinitivis
918 4387 983 4458 per
1014 4362 1307 4458 praepositiones
1333 4365 1373 4433 de
1392 4359 1496 4435 autri
1524 4367 1587 4435 aut

460 4497 540 4569 siue
564 4497 838 4593 praepositione
871 4497 945 4570 ulla
972 4496 1271 4592 conjunguntur;
1298 4499 1414 4588 jubere
1432 4497 1469 4569 in
1490 4494 1584 4568 obli·

459 4629 605 4705 viouem
625 4653 740 4726 paene
763 4631 906 4703 cecidit.
926 4634 1037 4702 Licere
1066 4631 1185 4704 rarius
1215 4629 1447 4717 admittitur3
1478 4651 1581 4718 nam,
