3706 5748
793 698 988 767 ...71-

326 875 492 946 eamdem
521 873 771 967 quaecumque
796 871 892 943 inter
910 870 1021 945 verba
1040 872 1098 944 vel
1120 874 1270 947 nomina
1288 878 1443 969 quadam

325 1033 368 1080 ex
398 1013 499 1104 purte
527 1008 623 1080 haud
651 1013 755 1080 erant
789 1007 885 1078 inter
908 1031 947 1080 se
969 1006 1178 1081 dissimilia.
1206 1010 1293 1082 lnde
1314 1033 1443 1084 omnes
1522 1046 1526 1076 1

324 1139 560 1211 heteroclitae
588 1137 866 1214 declinationes.

374 1274 475 1346 Parvi
492 1274 558 1346 erit
577 1273 768 1361 momenti,
795 1273 825 1345 si
841 1273 976 1346 ‚formas
989 1273 1194 1347 futurorum
1216 1275 1251 1347 in
1267 1281 1357 1348 -bere
1377 1302 1441 1350 nu-

324 1411 602 1497 meraverimus
629 1434 722 1504 quac
742 1434 808 1482 nec
836 1409 959 1505 plures
981 1432 1134 1481 numero
1163 1417 1259 1499 sunt,
1284 1420 1320 1484 et
1339 1417 1437 1488 vocis

322 1543 489 1639 passivae
520 1542 632 1615 solius
654 1546 716 1614 -rtr
742 1543 779 1614 in
796 1568 847 1613 -re
873 1547 1110 1615 commutant.
1136 1544 1222 1616 ltem
1244 1546 1288 1617 de
1311 1546 1436 1624 formis

320 1678 472 1748 cribrare
487 1677 545 1749 vel
559 1677 703 1748 cridlarc
724 1676 815 1748 nihil
832 1677 876 1748 ad
900 1701 976 1749 rem
992 1677 1159 1767 interest,
1178 1678 1248 1752 nisi
1265 1682 1362 1775 quod
1383 1684 1439 1756 hic

320 1810 530 1908 exemplum
547 1811 689 1884 videbis
711 1810 853 1884 litterae
871 1837 889 1882 r
909 1812 943 1884 in
963 1815 974 1882 l
997 1818 1171 1896 mutatae,
1188 1813 1218 1885 si
1240 1815 1366 1889 durior
1381 1819 1439 1890 vel

319 1944 484 2043 asperior
497 1945 608 2018 luerit
627 1944 898 2042 pronuntiatio:
981 2047 982 2051 Ἰ

354 2153 502 2214 cribrum,
520 2150 652 2222 gallice:
668 2152 774 2205 crv'lrlc.

354 2242 534 2310 apostolum,
550 2240 662 2314 gallice
678 2257 684 2293 :
703 2246 833 2309 apostre.

318 2447 471 2542 Liquida
489 2447 528 2519 in
543 2446 722 2543 liquidam
735 2454 1013 2523 transmutatur.

365 2590 647 2685 Frequentativa
665 2593 787 2681 verba,
815 2590 900 2664 licet
919 2593 1146 2672 derivatione
1178 2602 1299 2696 potius
1328 2626 1436 2698 quarn

292 2711 295 2728 ¹
317 2725 560 2799 declinatione
578 2749 643 2798 sua
658 2705 769 2820 vulgo
784 2728 1044 2824 conspicienda
1065 2733 1151 2820 sint,
1175 2735 1233 2806 hic
1258 2737 1356 2808 haud
1373 2738 1434 2810 ab·

316 2862 470 2935 surdum
503 2862 571 2934 erit
594 2861 773 2958 inspicere
787 2860 811 2953 ¹,
840 2871 1034 2960 propterea
1061 2870 1172 2961 quod,
1209 2872 1438 2967 correptione

315 2995 433 3090 magis
450 3019 490 3068 ac
516 2997 631 3091 magis
652 2973 839 3070 crescente
859 3000 1122 3074 vocabulorum
1148 3004 1186 3074 in
1208 3004 1340 3098 gallico
1361 3031 1437 3079 ser-

316 3152 436 3216 mone,
456 3129 632 3224 paulatim
652 3129 824 3204 inlocum
842 3133 1037 3208 verborum
1053 3145 1149 3210 recte
1164 3138 1431 3213 declinatorum

317 3265 543 3360 irrepserunt
560 3290 568 3354 ;
588 3265 640 3337 sic
663 3289 670 3335 :

347 3485 527 3538 perversore
540 3485 547 3526 :
561 3487 590 3542 p.
606 3469 670 3536 295,
685 3471 728 3529 31.
798 3483 801 3492 ’

346 3565 544 3628 praecantare
561 3577 566 3617 ι
583 3576 612 3632 p.
628 3560 699 3629 91,7
716 3560 869 3631 ;111,19;
886 3561 979 3632 313,1
1001 3581 1008 3630 ;
1030 3565 1092 3631 379,
1112 3565 1156 3634 ll,
1178 3571 1236 3623 cto.

347 3652 501 3718 rejectare,
517 3648 629 3720 gallice
646 3669 652 3704 :
670 3654 781 3718 rejeter
797 3669 803 3708 :
822 3669 851 3722 p.
867 3652 930 3722 203,
947 3653 992 3708 24.

348 3746 476 3795 testare:
493 3756 522 3811 p.
539 3739 600 3808 113,
618 3740 649 3794 11
662 3757 669 3806 ;
684 3739 749 3804 156,
766 3741 820 3808 33;
837 3742 899 3810 ⁴289,
916 3745 940 3798 5.

347 3833 485 3884 ustulare
503 3847 509 3882 ι
525 3845 555 3901 p.
573 3827 634 3895 330,
650 3830 703 3897 15;
720 3829 781 3898 331,
800 3832 843 3888 11.

346 3924 483 3974 vectare:
502 3935 531 3990 p.
547 3918 609 3983 295,
626 3918 652 3974 8.

347 4010 507 4062 venditare
524 4025 530 4064 :
546 4025 576 4080 p.
595 4007 658 4073 305,
674 4008 689 4063 8
704 4008 803 4080 (Soet.

360 4213 466 4300 Nam,
483 4214 579 4309 quod
590 4204 701 4287 verba
716 4215 944 4310 grammatici
955 4209 1160 4306 nominant,
1174 4243 1238 4294 seu
1251 4219 1431 4306 iteratim,

310 4370 374 4420 seu
390 4345 616 4436 inchoativa,
633 4372 698 4420 seu
715 4347 938 4436 meditativa,
962 4373 1025 4421 seu
1042 4350 1212 4446 perlecta,
1232 4356 1427 4442 naecsunt,

310 4504 384 4555 non
402 4507 541 4574 penora,
564 4481 629 4555 sed
648 4487 777 4568 formae
793 4469 1002 4571 verborum,
1027 4483 1120 4556 sicut
1140 4509 1201 4557 eas
1229 4487 1431 4560 nominavit

347 4769 355 4803 ¹
372 4766 414 4826 Cf.
430 4782 456 4837 p.
473 4767 519 4831 51,
535 4768 647 4825 subfin.
660 4774 689 4826 et
702 4784 729 4840 p.
746 4769 790 4835 38,
803 4773 859 4826 not.
