3706 5748
934 617 1129 686 ..82-

464 798 647 865 superlines,
663 801 698 852 ut
713 798 868 860 modicum
885 795 1084 863 incredistur
1098 811 1151 851 eos
1166 801 1194 852 et
1209 799 1422 874 delacriment‚
1442 815 1589 870 continuo

466 878 676 942 sanabuntur.

501 993 531 1047 p.
548 975 592 1040 sb,
607 973 638 1030 97
653 990 660 1030 :
680 975 786 1030 totium
808 979 837 1028 et
849 976 939 1043 piper
955 971 1035 1029 illud
1052 971 1094 1045 (id
1110 977 1179 1032 est:
1196 979 1450 1058 supradictum).

498 1079 528 1134 p.
545 1059 590 1128 85,
606 1061 639 1118 93
655 1077 662 1119 :
680 1061 818 1131 perdicis
833 1065 931 1118 unius
951 1063 1027 1129 tet...
1044 1061 1121 1118 hebo
1136 1066 1237 1120 omnis
1252 1071 1337 1124 teres.
1592 1151 1596 1160 .

499 1169 528 1225 p.
544 1152 589 1217 86,
606 1152 639 1209 99
657 1169 665 1208 :
682 1155 807 1209 herba...
834 1155 914 1207 illita
935 1153 1042 1218 ocutis,
1058 1150 1262 1220 siqittationes
1282 1157 1453 1232 livoresque
1477 1183 1585 1228 eorum

462 1240 598 1298 discutit.
678 1257 679 1260 ’

493 1344 524 1399 p.
539 1328 583 1399 94,
601 1329 634 1385 77
648 1345 655 1386 :
671 1333 748 1386 aceti
773 1331 851 1386 duas
872 1335 976 1400 portes
1002 1332 1146 1397 contusas
1169 1333 1351 1403 decoquas...
1368 1346 1397 1397 et
1412 1345 1534 1414 toaqius
1549 1363 1586 1403 ea

459 1419 496 1472 ab
512 1420 585 1486 iqne
598 1423 778 1476 removebis.

495 1522 524 1579 p.
541 1506 586 1574 97,
607 1507 639 1561 74
655 1525 661 1564 ;
683 1511 764 1563 mata
789 1513 921 1577 qranata
936 1509 1009 1576 duo,
1033 1511 1148 1576 quibus
1163 1514 1288 1569 coriarii
1304 1520 1454 1589 utuntur,
1469 1527 1497 1579 et
1513 1525 1586 1592 quia

459 1612 582 1666 semper
595 1601 684 1654 acida
697 1604 818 1665 sunt...,
839 1601 933 1654 rhoas
948 1603 1032 1654 oxias
1047 1598 1125 1658 haec
1142 1601 1250 1658 Graeci
1265 1605 1386 1666 dicunt.

494 1703 524 1758 p.
542 1686 604 1756 707,
618 1687 633 1742 3
649 1704 656 1743 :
675 1689 809 1754 herbam,
826 1705 903 1756 quae
922 1689 1086 1759 Gallice...,
1103 1705 1171 1745 eam
1192 1698 1279 1755 teres.

495 1792 523 1846 p.
533 1775 631 1843 777,73
644 1780 685 1832 :si
693 1780 824 1843 {eminae
836 1781 994 1846 sanquis...
1006 1780 1131 1847 detinet,
1144 1785 1299 1839 mamillae
1311 1786 1380 1856 ejus
1392 1792 1583 1853 vinciantur.

494 1882 523 1936 p.
542 1866 603 1935 799,
621 1865 675 1923 39;
694 1869 748 1922 hoc
764 1870 986 1922 medicamento
1008 1870 1036 1921 si
1055 1871 1124 1936 quis
1148 1877 1193 1924 ter
1207 1874 1242 1926 in
1262 1891 1366 1932 mense
1386 1881 1490 1937 dentes
1508 1900 1585 1954 per-

455 1953 613 2022 tricuerit,
629 1958 763 2012 dotorem
778 1973 887 2013 eorum
902 1973 965 2012 non
980 1960 1168 2026 experietur,
1202 2023 1208 2034 Ι

493 2060 524 2115 p.
541 2043 602 2113 797,
618 2045 653 2102 99
668 2051 699 2101 et
716 2047 768 2103 30:
785 2064 870 2102 rosae
887 2049 973 2114 {toris
987 2051 1070 2116 quod
1082 2055 1126 2104 est
1142 2053 1262 2108 luteum
1274 2056 1344 2113 den.
1365 2059 1430 2127 vll,
1445 2066 1517 2129 ete„
1532 2063 1581 2120 his

456 2133 491 2186 iu
505 2150 606 2187 unum
622 2138 762 2190 mixtis...
784 2139 830 2190 uti
845 2141 972 2205 oportet.

491 2239 524 2294 p.
545 2222 607 2290 779,
623 2223 656 2280 70
670 2241 677 2281 ;
698 2229 839 2296 cupressi
857 2228 975 2294 pitutae
991 2228 1115 2285 tritae...
1133 2231 1209 2296 lotia
1223 2238 1328 2290 autem
1343 2237 1518 2310 ejusdem...

492 2299 607 2382 plut,
624 2313 655 2368 97
673 2331 679 2370 :
699 2315 772 2368 haec
788 2316 865 2383 ipsa,
882 2317 1041 2387 potionem
1057 2321 1130 2372 ante
1151 2317 1270 2376 dictam
1287 2325 1454 2395 significat.

490 2417 523 2471 p.
543 2401 607 2466 944,
622 2403 634 2456 7
650 2419 656 2455 :
678 2406 834 2472 mataqma
850 2407 888 2459 ad
905 2408 1116 2460 contusionem
1133 2409 1251 2475 lateris,
1268 2411 1349 2468 idem
1373 2419 1479 2482 facit...
1506 2424 1580 2478 ati...
1627 2459 1629 2464 ,

358 2528 362 2534 .
453 2493 708 2559 praecordiorum
724 2494 875 2547 duritiam
895 2500 924 2548 et
939 2496 977 2548 ad
993 2497 1126 2550 dotorem
1142 2513 1251 2553 eorum
1266 2518 1333 2556 uere
1348 2489 1525 2565 conuenit...
1591 2545 1594 2558 .

492 2595 521 2651 p.
533 2579 596 2648 989,
612 2580 664 2636 ts:
682 2597 759 2635 rana
778 2585 856 2651 oioa,
879 2585 941 2639 si...
967 2586 1151 2654 adponatur,
1171 2587 1203 2642 in
1230 2605 1299 2646 eam
1320 2596 1432 2650 uitium
1444 2603 1579 2658 transire

455 2667 584 2725 dicitur.

491 2755 589 2828 psol,
599 2755 632 2812 16
642 2772 648 2814 :
657 2762 1028 2830 quae‚cumtuerintiqne
1041 2764 1215 2838 liquefacta,
1224 2769 1508 2844 cotabisea...‚etc.,
1517 2783 1575 2836 eto.

502 2935 677 3010 Breviora
697 2939 742 3010 de
761 2945 938 3049 προλήψεσι
957 2941 1016 3016 vel
1046 2943 1371 3042 anticipationibus
1394 2955 1573 3048 dicemus,

452 3103 545 3179 quae
564 3079 603 3152 in
616 3080 784 3156 omnium
795 3088 1004 3181 temporum
1020 3091 1254 3165 sermonibus
1265 3094 1373 3169 facile
1388 3099 1569 3194 reperias:

451 3242 485 3289 v.
513 3238 565 3310 g..
583 3217 816 3310 pronomina,
846 3219 1094 3316 conjunctivis
1114 3228 1385 3322 antecedentia,
1400 3233 1574 3330 plenum-

451 3371 733 3445 queexpressa:
769 3415 770 3418 ,

487 3570 517 3626 p.
533 3552 596 3622 957,
614 3554 647 3610 76
661 3574 667 3609 :
689 3558 870 3612 admiscebis
890 3555 938 3613 his
954 3575 1032 3626 quae
1045 3562 1114 3630 iqui
1134 3567 1318 3622 remittenda
1331 3576 1440 3627 sunt...

486 3659 514 3714 p.
532 3643 594 3711 957,
610 3642 644 3699 96
660 3660 668 3700 :
688 3652 779 3714 atque
792 3645 851 3714 his,
869 3664 946 3715 quae
966 3649 1061 3704 colata
1076 3655 1209 3725 tuerint,
1225 3659 1357 3727 desuper
1371 3661 1500 3719 addes...

486 3749 514 3803 p.
532 3730 595 3799 957,
611 3732 642 3788 37
660 3753 666 3789 :
682 3751 717 3790 ex
732 3750 768 3790 ea
781 3742 881 3806 parte,
897 3755 957 3806 qua
973 3742 1043 3806 quis
1059 3745 1194 3798 nesciam
1207 3748 1362 3814 patitur...

484 3838 513 3893 p.
530 3821 594 3890 399,
612 3823 644 3878 79
659 3839 665 3874 :
680 3827 805 3893 prodest
825 3829 919 3882 etiarn
943 3827 1002 3895 his,
1027 3834 1174 3899 quibus...
1200 3837 1368 3904 liquores...
1385 3843 1570 3901 subsistunt.

483 3918 511 3980 p.
530 3910 592 3977 399,
610 3911 643 3966 79
659 3929 665 3966 :
685 3915 759 3967 item
775 3913 823 3968 his
841 3919 978 3988 prodest,
996 3919 1049 3986 qui
1064 3923 1244 3980 videntur...

482 4014 511 4070 p.
529 3998 592 4065 337,
609 3998 647 4056 3:
665 4007 946 4060 maturescentibus
959 4009 1113 4076 paniculis
1122 4011 1186 4067 tale
1199 4015 1569 4094 medicamenoolbibebis,

447 4089 480 4142 id
500 4094 544 4143 est
559 4092 747 4158 lenticulam,
764 4098 824 4151 etc.

483 4194 512 4248 p.
532 4177 594 4248 790,
608 4177 641 4234 39
657 4196 663 4236 :
680 4179 738 4247 his,
756 4187 808 4252 qui
823 4186 914 4239 surdi
929 4192 1037 4243 sunt...

483 4283 512 4338 p.
531 4267 591 4332 t05,
607 4268 641 4324 97
657 4284 663 4324 :
681 4286 790 4340 coques
806 4275 850 4328 ita
866 4276 954 4342 lente,
977 4292 1014 4331 ne
1031 4284 1155 4334 uratur.

485 4373 515 4428 p.
533 4357 594 4424 705,
611 4354 644 4413 34
662 4373 669 4414 :
686 4356 745 4427 his,
762 4364 816 4428 qui
829 4366 964 4430 qrauiter
980 4368 1122 4424 audiunt.

493 4537 623 4611 Nonne
658 4542 861 4636 putandum
894 4549 950 4617 est
977 4547 1182 4620 sententias
1214 4548 1297 4624 illas
1317 4577 1419 4628 more
1439 4566 1567 4634 nostro

445 4671 579 4746 nactas
600 4697 696 4764 esse,
717 4675 925 4774 tractasque
953 4679 1005 4752 iis
1027 4688 1068 4755 ui
1083 4706 1150 4755 nec
1170 4684 1315 4782 longior
1334 4693 1470 4766 meniis
1483 4718 1568 4769 con-
