<?xml version="1.0" encoding="UTF-8"?>
<!DOCTYPE html PUBLIC "-//W3C//DTD XHTML 1.0 Transitional//EN"
    "http://www.w3.org/TR/xhtml1/DTD/xhtml1-transitional.dtd">
<html xmlns="http://www.w3.org/1999/xhtml" xml:lang="en" lang="en">
 <head>
  <title>
</title>
<meta http-equiv="Content-Type" content="text/html;charset=utf-8" />
  <meta name='ocr-system' content='tesseract 3.04.00' />
  <meta name='ocr-capabilities' content='ocr_page ocr_carea ocr_par ocr_line ocrx_word'/>
</head>
<body>
  <div class='ocr_page' id='page_1' title='image "./delatinitatemar00chabgoog_0141.png"; bbox 0 0 3706 5748; ppageno 0'>
   <div class='ocr_carea' id='block_1_1' title="bbox 904 646 1118 714">
    <p class='ocr_par' dir='ltr' id='par_1_1' title="bbox 904 646 1118 714">
     <span class='ocr_line' id='line_1_1' title="bbox 904 646 1118 714; baseline 0.009 -2"><span class='ocrx_word' id='word_1_1' title='bbox 904 646 1118 714; x_wconf 46' lang='grc' dir='ltr'>--122ι-ἑ</span> 
     </span>
    </p>
   </div>
   <div class='ocr_carea' id='block_1_2' title="bbox 451 814 1578 1319">
    <p class='ocr_par' dir='ltr' id='par_1_2' title="bbox 451 814 1578 1319">
     <span class='ocr_line' id='line_1_2' title="bbox 453 814 1576 913; baseline 0.008 -26"><span class='ocrx_word' id='word_1_2' title='bbox 453 814 662 909; x_wconf 87' lang='lat' dir='ltr'>galensium</span> <span class='ocrx_word' id='word_1_3' title='bbox 694 814 872 904; x_wconf 91' lang='lat' dir='ltr'>studeret,</span> <span class='ocrx_word' id='word_1_4' title='bbox 903 815 981 887; x_wconf 92' lang='lat' dir='ltr'>sive</span> <span class='ocrx_word' id='word_1_5' title='bbox 1007 823 1152 890; x_wconf 89' lang='lat' dir='ltr'>acueret</span> <span class='ocrx_word' id='word_1_6' title='bbox 1188 823 1461 913; x_wconf 81' lang='lat' dir='ltr'>Epiprommato,</span> <span class='ocrx_word' id='word_1_7' title='bbox 1499 823 1576 896; x_wconf 90' lang='lat' dir='ltr'>sive</span> 
     </span>
     <span class='ocr_line' id='line_1_3' title="bbox 451 949 1574 1052; baseline 0.007 -30"><span class='ocrx_word' id='word_1_8' title='bbox 451 953 621 1044; x_wconf 76' lang='lat' dir='ltr'>Mosellam</span> <span class='ocrx_word' id='word_1_9' title='bbox 649 949 891 1044; x_wconf 83' lang='lat' dir='ltr'>Rhenumque</span> <span class='ocrx_word' id='word_1_10' title='bbox 923 949 1097 1025; x_wconf 90' lang='lat' dir='ltr'>inviseret</span> <span class='ocrx_word' id='word_1_11' title='bbox 1140 953 1437 1052; x_wconf 83' lang='lat' dir='ltr'>suavissimoque</span> <span class='ocrx_word' id='word_1_12' title='bbox 1466 980 1574 1030; x_wconf 85' lang='lat' dir='ltr'>versu</span> 
     </span>
     <span class='ocr_line' id='line_1_4' title="bbox 453 1083 1577 1180; baseline 0.004 -24"><span class='ocrx_word' id='word_1_13' title='bbox 453 1092 614 1174; x_wconf 85' lang='lat' dir='ltr'>caneret,</span> <span class='ocrx_word' id='word_1_14' title='bbox 640 1083 730 1172; x_wconf 88' lang='lat' dir='ltr'>sive,</span> <span class='ocrx_word' id='word_1_15' title='bbox 754 1089 792 1156; x_wconf 97' lang='lat' dir='ltr'>ut</span> <span class='ocrx_word' id='word_1_16' title='bbox 814 1084 1084 1160; x_wconf 70' lang='lat' dir='ltr'><strong>enumerationi</strong></span> <span class='ocrx_word' id='word_1_17' title='bbox 1106 1085 1217 1158; x_wconf 88' lang='lat' dir='ltr'>finem</span> <span class='ocrx_word' id='word_1_18' title='bbox 1239 1085 1385 1175; x_wconf 82' lang='lat' dir='ltr'>luciam,</span> <span class='ocrx_word' id='word_1_19' title='bbox 1403 1091 1539 1180; x_wconf 76' lang='lat' dir='ltr'>Epistol</span> <span class='ocrx_word' id='word_1_20' title='bbox 1562 1133 1577 1143; x_wconf 96' lang='lat'><em>-</em></span> 
     </span>
     <span class='ocr_line' id='line_1_5' title="bbox 453 1217 1578 1319; baseline 0.004 -29"><span class='ocrx_word' id='word_1_21' title='bbox 453 1243 528 1290; x_wconf 85' lang='lat' dir='ltr'>rum</span> <span class='ocrx_word' id='word_1_22' title='bbox 544 1217 660 1291; x_wconf 91' lang='lat' dir='ltr'>libros</span> <span class='ocrx_word' id='word_1_23' title='bbox 677 1225 930 1313; x_wconf 78' lang='lat' dir='ltr'>componeret,</span> <span class='ocrx_word' id='word_1_24' title='bbox 949 1217 1012 1290; x_wconf 89' lang='lat' dir='ltr'>ille</span> <span class='ocrx_word' id='word_1_25' title='bbox 1027 1243 1173 1314; x_wconf 85' lang='lat' dir='ltr'>semper</span> <span class='ocrx_word' id='word_1_26' title='bbox 1187 1226 1223 1290; x_wconf 93' lang='lat' dir='ltr'>et</span> <span class='ocrx_word' id='word_1_27' title='bbox 1239 1219 1372 1319; x_wconf 90' lang='lat' dir='ltr'>ubique</span> <span class='ocrx_word' id='word_1_28' title='bbox 1388 1221 1578 1318; x_wconf 90' lang='lat' dir='ltr'>scriptoris</span> 
     </span>
    </p>
   </div>
   <div class='ocr_carea' id='block_1_3' title="bbox 337 1352 1579 1450">
    <p class='ocr_par' dir='ltr' id='par_1_3' title="bbox 337 1352 1579 1450">
     <span class='ocr_line' id='line_1_6' title="bbox 337 1352 1579 1450; baseline 0.001 -25"><span class='ocrx_word' id='word_1_29' title='bbox 337 1387 340 1394; x_wconf 22' lang='grc' dir='ltr'>λ</span> <span class='ocrx_word' id='word_1_30' title='bbox 455 1352 654 1449; x_wconf 89' lang='lat' dir='ltr'>recipiebat</span> <span class='ocrx_word' id='word_1_31' title='bbox 668 1361 815 1449; x_wconf 82' lang='lat' dir='ltr'>partes3</span> <span class='ocrx_word' id='word_1_32' title='bbox 837 1377 882 1425; x_wconf 94' lang='lat' dir='ltr'>ne</span> <span class='ocrx_word' id='word_1_33' title='bbox 911 1355 945 1425; x_wconf 90' lang='lat' dir='ltr'>in</span> <span class='ocrx_word' id='word_1_34' title='bbox 972 1352 1226 1426; x_wconf 79' lang='lat' dir='ltr'>describendis</span> <span class='ocrx_word' id='word_1_35' title='bbox 1247 1354 1395 1448; x_wconf 92' lang='lat' dir='ltr'>quidem</span> <span class='ocrx_word' id='word_1_36' title='bbox 1416 1353 1579 1450; x_wconf 89' lang='lat' dir='ltr'>piscibus</span> 
     </span>
    </p>
   </div>
   <div class='ocr_carea' id='block_1_4' title="bbox 425 1487 1580 1990">
    <p class='ocr_par' dir='ltr' id='par_1_4' title="bbox 425 1487 1580 1990">
     <span class='ocr_line' id='line_1_7' title="bbox 454 1487 1577 1576; baseline 0.003 -17"><span class='ocrx_word' id='word_1_37' title='bbox 454 1492 490 1559; x_wconf 93' lang='lat' dir='ltr'>et</span> <span class='ocrx_word' id='word_1_38' title='bbox 522 1488 708 1562; x_wconf 84' lang='lat' dir='ltr'>sideribus</span> <span class='ocrx_word' id='word_1_39' title='bbox 752 1490 940 1564; x_wconf 83' lang='lat' dir='ltr'>Musarum</span> <span class='ocrx_word' id='word_1_40' title='bbox 979 1487 1279 1576; x_wconf 79' lang='lat' dir='ltr'>obliviscebatur,</span> <span class='ocrx_word' id='word_1_41' title='bbox 1315 1511 1382 1560; x_wconf 89' lang='lat' dir='ltr'>nec</span> <span class='ocrx_word' id='word_1_42' title='bbox 1412 1497 1577 1562; x_wconf 89' lang='lat' dir='ltr'>veterum</span> 
     </span>
     <span class='ocr_line' id='line_1_8' title="bbox 425 1594 1577 1721; baseline -0.002 -25"><span class='ocrx_word' id='word_1_43' title='bbox 425 1713 426 1720; x_wconf 6' lang='grc' dir='ltr'>ἵ</span> <span class='ocrx_word' id='word_1_44' title='bbox 453 1594 741 1721; x_wconf 80' lang='lat' dir='ltr'>exemplarium,</span> <span class='ocrx_word' id='word_1_45' title='bbox 759 1626 880 1699; x_wconf 90' lang='lat' dir='ltr'>Ovidii</span> <span class='ocrx_word' id='word_1_46' title='bbox 894 1625 1034 1698; x_wconf 91' lang='lat' dir='ltr'>scilicet</span> <span class='ocrx_word' id='word_1_47' title='bbox 1054 1632 1090 1695; x_wconf 95' lang='lat' dir='ltr'>et</span> <span class='ocrx_word' id='word_1_48' title='bbox 1110 1620 1257 1710; x_wconf 86' lang='lat' dir='ltr'>Catulli,</span> <span class='ocrx_word' id='word_1_49' title='bbox 1282 1645 1437 1716; x_wconf 91' lang='lat' dir='ltr'>quorum</span> <span class='ocrx_word' id='word_1_50' title='bbox 1458 1620 1577 1694; x_wconf 88' lang='lat' dir='ltr'>imita-</span> 
     </span>
     <span class='ocr_line' id='line_1_9' title="bbox 452 1754 1577 1856; baseline -0.002 -26"><span class='ocrx_word' id='word_1_51' title='bbox 452 1757 594 1831; x_wconf 92' lang='lat' dir='ltr'>tionem</span> <span class='ocrx_word' id='word_1_52' title='bbox 615 1760 745 1833; x_wconf 91' lang='lat' dir='ltr'>sedulo</span> <span class='ocrx_word' id='word_1_53' title='bbox 766 1760 1068 1856; x_wconf 78' lang='lat' dir='ltr'>persequebatur.</span> <span class='ocrx_word' id='word_1_54' title='bbox 1091 1758 1217 1850; x_wconf 90' lang='lat' dir='ltr'>Neque</span> <span class='ocrx_word' id='word_1_55' title='bbox 1245 1779 1266 1827; x_wconf 92' lang='lat' dir='ltr'>a</span> <span class='ocrx_word' id='word_1_56' title='bbox 1292 1754 1577 1832; x_wconf 89' lang='lat' dir='ltr'>christianorum</span> 
     </span>
     <span class='ocr_line' id='line_1_10' title="bbox 453 1881 1580 1990; baseline -0.002 -26"><span class='ocrx_word' id='word_1_57' title='bbox 453 1881 654 1990; x_wconf 82' lang='lat' dir='ltr'>disciplina</span> <span class='ocrx_word' id='word_1_58' title='bbox 695 1894 908 1982; x_wconf 89' lang='lat' dir='ltr'>abhorruit;</span> <span class='ocrx_word' id='word_1_59' title='bbox 944 1894 1022 1980; x_wconf 88' lang='lat' dir='ltr'>sed,</span> <span class='ocrx_word' id='word_1_60' title='bbox 1066 1890 1216 1964; x_wconf 93' lang='lat' dir='ltr'>nomine</span> <span class='ocrx_word' id='word_1_61' title='bbox 1253 1889 1511 1962; x_wconf 90' lang='lat' dir='ltr'>tantummodo</span> <span class='ocrx_word' id='word_1_62' title='bbox 1543 1899 1580 1962; x_wconf 91' lang='lat' dir='ltr'>et</span> 
     </span>
    </p>
   </div>
   <div class='ocr_carea' id='block_1_5' title="bbox 340 2021 1577 2124">
    <p class='ocr_par' dir='ltr' id='par_1_5' title="bbox 340 2021 1577 2124">
     <span class='ocr_line' id='line_1_11' title="bbox 340 2021 1577 2124; baseline -0.004 -25"><span class='ocrx_word' id='word_1_63' title='bbox 340 2084 342 2090; x_wconf 58' lang='grc'>,</span> <span class='ocrx_word' id='word_1_64' title='bbox 454 2027 579 2123; x_wconf 89' lang='lat' dir='ltr'>specie</span> <span class='ocrx_word' id='word_1_65' title='bbox 607 2028 843 2112; x_wconf 80' lang='lat' dir='ltr'>christianus,</span> <span class='ocrx_word' id='word_1_66' title='bbox 873 2027 1083 2124; x_wconf 82' lang='lat' dir='ltr'>diligentior</span> <span class='ocrx_word' id='word_1_67' title='bbox 1113 2025 1302 2098; x_wconf 90' lang='lat' dir='ltr'>Musarum</span> <span class='ocrx_word' id='word_1_68' title='bbox 1336 2027 1445 2118; x_wconf 88' lang='lat' dir='ltr'>atque</span> <span class='ocrx_word' id='word_1_69' title='bbox 1465 2021 1577 2119; x_wconf 81' lang='lat' dir='ltr'>Apol-</span> 
     </span>
    </p>
   </div>
   <div class='ocr_carea' id='block_1_6' title="bbox 450 2145 1621 3730">
    <p class='ocr_par' dir='ltr' id='par_1_6' title="bbox 452 2145 1577 2385">
     <span class='ocr_line' id='line_1_12' title="bbox 454 2145 1577 2263; baseline -0.003 -31"><span class='ocrx_word' id='word_1_70' title='bbox 454 2160 544 2234; x_wconf 91' lang='lat' dir='ltr'>linis</span> <span class='ocrx_word' id='word_1_71' title='bbox 574 2169 652 2234; x_wconf 88' lang='lat' dir='ltr'>erat</span> <span class='ocrx_word' id='word_1_72' title='bbox 682 2166 837 2251; x_wconf 91' lang='lat' dir='ltr'>amator,</span> <span class='ocrx_word' id='word_1_73' title='bbox 867 2167 1035 2257; x_wconf 90' lang='lat' dir='ltr'>quamut</span> <span class='ocrx_word' id='word_1_74' title='bbox 1056 2160 1198 2232; x_wconf 89' lang='lat' dir='ltr'>litteras</span> <span class='ocrx_word' id='word_1_75' title='bbox 1229 2155 1398 2251; x_wconf 87' lang='lat' dir='ltr'>religioni</span> <span class='ocrx_word' id='word_1_76' title='bbox 1426 2145 1577 2263; x_wconf 88' lang='lat' dir='ltr'>postpo-</span> 
     </span>
     <span class='ocr_line' id='line_1_13' title="bbox 452 2291 1343 2385; baseline -0.008 -17"><span class='ocrx_word' id='word_1_77' title='bbox 452 2301 582 2385; x_wconf 83' lang='lat' dir='ltr'>neret3</span> <span class='ocrx_word' id='word_1_78' title='bbox 605 2295 831 2368; x_wconf 86' lang='lat' dir='ltr'>carminibus</span> <span class='ocrx_word' id='word_1_79' title='bbox 851 2295 954 2385; x_wconf 94' lang='lat' dir='ltr'>lusit,</span> <span class='ocrx_word' id='word_1_80' title='bbox 977 2319 1092 2368; x_wconf 90' lang='lat' dir='ltr'>avena</span> <span class='ocrx_word' id='word_1_81' title='bbox 1112 2291 1343 2366; x_wconf 89' lang='lat' dir='ltr'>tenuissima.</span> 
     </span>
    </p>

    <p class='ocr_par' dir='ltr' id='par_1_7' title="bbox 450 2427 1621 3730">
     <span class='ocr_line' id='line_1_14' title="bbox 500 2427 1578 2529; baseline -0.002 -28"><span class='ocrx_word' id='word_1_82' title='bbox 500 2428 606 2502; x_wconf 90' lang='lat' dir='ltr'>Lusit</span> <span class='ocrx_word' id='word_1_83' title='bbox 625 2435 660 2502; x_wconf 94' lang='lat' dir='ltr'>et</span> <span class='ocrx_word' id='word_1_84' title='bbox 687 2430 876 2520; x_wconf 88' lang='lat' dir='ltr'>Paulinus,</span> <span class='ocrx_word' id='word_1_85' title='bbox 900 2430 1020 2503; x_wconf 84' lang='lat' dir='ltr'>affinis</span> <span class='ocrx_word' id='word_1_86' title='bbox 1042 2433 1134 2529; x_wconf 89' lang='lat' dir='ltr'>ejus,</span> <span class='ocrx_word' id='word_1_87' title='bbox 1158 2428 1405 2524; x_wconf 90' lang='lat' dir='ltr'>Nolensisque</span> <span class='ocrx_word' id='word_1_88' title='bbox 1424 2427 1578 2524; x_wconf 85' lang='lat' dir='ltr'>posthac</span> 
     </span>
     <span class='ocr_line' id='line_1_15' title="bbox 454 2558 1576 2660; baseline -0.001 -26"><span class='ocrx_word' id='word_1_89' title='bbox 454 2558 677 2660; x_wconf 80' lang='lat' dir='ltr'>episcopus3</span> <span class='ocrx_word' id='word_1_90' title='bbox 704 2564 818 2638; x_wconf 91' lang='lat' dir='ltr'>immo</span> <span class='ocrx_word' id='word_1_91' title='bbox 850 2564 1088 2638; x_wconf 89' lang='lat' dir='ltr'>christianam</span> <span class='ocrx_word' id='word_1_92' title='bbox 1122 2562 1252 2636; x_wconf 92' lang='lat' dir='ltr'>sedulo</span> <span class='ocrx_word' id='word_1_93' title='bbox 1283 2562 1488 2634; x_wconf 89' lang='lat' dir='ltr'>doctrinam</span> <span class='ocrx_word' id='word_1_94' title='bbox 1518 2585 1576 2633; x_wconf 89' lang='lat' dir='ltr'>se·</span> 
     </span>
     <span class='ocr_line' id='line_1_16' title="bbox 450 2696 1576 2795; baseline -0.003 -26"><span class='ocrx_word' id='word_1_95' title='bbox 450 2701 556 2770; x_wconf 90' lang='lat' dir='ltr'>cutus</span> <span class='ocrx_word' id='word_1_96' title='bbox 580 2705 662 2787; x_wconf 81' lang='lat' dir='ltr'>est3</span> <span class='ocrx_word' id='word_1_97' title='bbox 686 2700 874 2795; x_wconf 85' lang='lat' dir='ltr'>proximos</span> <span class='ocrx_word' id='word_1_98' title='bbox 890 2705 925 2772; x_wconf 94' lang='lat' dir='ltr'>et</span> <span class='ocrx_word' id='word_1_99' title='bbox 947 2699 1090 2787; x_wconf 87' lang='lat' dir='ltr'>dilexit,</span> <span class='ocrx_word' id='word_1_100' title='bbox 1114 2698 1276 2785; x_wconf 90' lang='lat' dir='ltr'>caritate,</span> <span class='ocrx_word' id='word_1_101' title='bbox 1298 2701 1334 2768; x_wconf 91' lang='lat' dir='ltr'>ut</span> <span class='ocrx_word' id='word_1_102' title='bbox 1362 2696 1576 2793; x_wconf 84' lang='lat' dir='ltr'>episcopum</span> 
     </span>
     <span class='ocr_line' id='line_1_17' title="bbox 450 2810 1577 2929; baseline -0.002 -27"><span class='ocrx_word' id='word_1_103' title='bbox 450 2831 618 2920; x_wconf 85' lang='lat' dir='ltr'>decebat,</span> <span class='ocrx_word' id='word_1_104' title='bbox 636 2810 771 2904; x_wconf 86' lang='lat' dir='ltr'>Christi</span> <span class='ocrx_word' id='word_1_105' title='bbox 799 2833 927 2920; x_wconf 87' lang='lat' dir='ltr'>instar,</span> <span class='ocrx_word' id='word_1_106' title='bbox 947 2834 1161 2929; x_wconf 89' lang='lat' dir='ltr'>praeditus;</span> <span class='ocrx_word' id='word_1_107' title='bbox 1186 2837 1223 2904; x_wconf 89' lang='lat' dir='ltr'>at</span> <span class='ocrx_word' id='word_1_108' title='bbox 1255 2815 1448 2902; x_wconf 30' lang='lat' dir='ltr'>rhetorum*</span> <span class='ocrx_word' id='word_1_109' title='bbox 1470 2828 1577 2901; x_wconf 89' lang='lat' dir='ltr'>disci·</span> 
     </span>
     <span class='ocr_line' id='line_1_18' title="bbox 452 2953 1621 3063; baseline 0.001 -28"><span class='ocrx_word' id='word_1_110' title='bbox 452 2963 565 3058; x_wconf 93' lang='lat' dir='ltr'>pulus</span> <span class='ocrx_word' id='word_1_111' title='bbox 598 2963 825 3059; x_wconf 85' lang='lat' dir='ltr'>diligentior,</span> <span class='ocrx_word' id='word_1_112' title='bbox 866 2953 1139 3063; x_wconf 76' lang='lat' dir='ltr'>conuersusque</span> <span class='ocrx_word' id='word_1_113' title='bbox 1178 2967 1223 3039; x_wconf 92' lang='lat' dir='ltr'>ad</span> <span class='ocrx_word' id='word_1_114' title='bbox 1263 2965 1399 3062; x_wconf 83' lang='lat' dir='ltr'>lyricos</span> <span class='ocrx_word' id='word_1_115' title='bbox 1434 2973 1576 3051; x_wconf 89' lang='lat' dir='ltr'>cantus,</span> <span class='ocrx_word' id='word_1_116' title='bbox 1618 3057 1621 3062; x_wconf 22' lang='grc' dir='ltr'>Ι</span> 
     </span>
     <span class='ocr_line' id='line_1_19' title="bbox 450 3097 1579 3196; baseline 0.003 -29"><span class='ocrx_word' id='word_1_117' title='bbox 450 3102 676 3194; x_wconf 71' lang='lat' dir='ltr'>panegyricos</span> <span class='ocrx_word' id='word_1_118' title='bbox 691 3097 992 3196; x_wconf 89' lang='lat' dir='ltr'>psalmorumque</span> <span class='ocrx_word' id='word_1_119' title='bbox 1012 3101 1236 3174; x_wconf 89' lang='lat' dir='ltr'>imitationes</span> <span class='ocrx_word' id='word_1_120' title='bbox 1253 3097 1472 3195; x_wconf 86' lang='lat' dir='ltr'>composuit,</span> <span class='ocrx_word' id='word_1_121' title='bbox 1493 3097 1579 3170; x_wconf 91' lang='lat' dir='ltr'>stilo</span> 
     </span>
     <span class='ocr_line' id='line_1_20' title="bbox 451 3232 1578 3318; baseline 0.005 -16"><span class='ocrx_word' id='word_1_122' title='bbox 451 3232 657 3304; x_wconf 90' lang='lat' dir='ltr'>admodum</span> <span class='ocrx_word' id='word_1_123' title='bbox 673 3232 746 3305; x_wconf 86' lang='lat' dir='ltr'>levi</span> <span class='ocrx_word' id='word_1_124' title='bbox 765 3239 800 3306; x_wconf 92' lang='lat' dir='ltr'>et</span> <span class='ocrx_word' id='word_1_125' title='bbox 818 3235 977 3318; x_wconf 84' lang='lat' dir='ltr'>ssorenti,</span> <span class='ocrx_word' id='word_1_126' title='bbox 1007 3237 1073 3310; x_wconf 92' lang='lat' dir='ltr'>sed</span> <span class='ocrx_word' id='word_1_127' title='bbox 1093 3237 1144 3310; x_wconf 93' lang='lat' dir='ltr'>ita</span> <span class='ocrx_word' id='word_1_128' title='bbox 1163 3236 1310 3309; x_wconf 91' lang='lat' dir='ltr'>florenti</span> <span class='ocrx_word' id='word_1_129' title='bbox 1335 3239 1376 3307; x_wconf 92' lang='lat' dir='ltr'>ut</span> <span class='ocrx_word' id='word_1_130' title='bbox 1399 3258 1482 3306; x_wconf 92' lang='lat' dir='ltr'>eum</span> <span class='ocrx_word' id='word_1_131' title='bbox 1500 3235 1578 3308; x_wconf 90' lang='lat' dir='ltr'>diu·</span> 
     </span>
     <span class='ocr_line' id='line_1_21' title="bbox 451 3365 1580 3462; baseline 0 -24"><span class='ocrx_word' id='word_1_132' title='bbox 451 3365 600 3438; x_wconf 90' lang='lat' dir='ltr'>tissime</span> <span class='ocrx_word' id='word_1_133' title='bbox 624 3367 775 3462; x_wconf 85' lang='lat' dir='ltr'>paganis</span> <span class='ocrx_word' id='word_1_134' title='bbox 799 3368 985 3442; x_wconf 85' lang='lat' dir='ltr'>studuisse</span> <span class='ocrx_word' id='word_1_135' title='bbox 1003 3369 1237 3442; x_wconf 88' lang='lat' dir='ltr'>manilestum</span> <span class='ocrx_word' id='word_1_136' title='bbox 1257 3367 1365 3438; x_wconf 85' lang='lat' dir='ltr'>foret.</span> <span class='ocrx_word' id='word_1_137' title='bbox 1388 3366 1580 3439; x_wconf 90' lang='lat' dir='ltr'>Horatium</span> 
     </span>
     <span class='ocr_line' id='line_1_22' title="bbox 451 3498 1579 3599; baseline 0.002 -29"><span class='ocrx_word' id='word_1_138' title='bbox 451 3498 515 3570; x_wconf 91' lang='lat' dir='ltr'>ille</span> <span class='ocrx_word' id='word_1_139' title='bbox 531 3506 683 3573; x_wconf 91' lang='lat' dir='ltr'>secutus</span> <span class='ocrx_word' id='word_1_140' title='bbox 700 3505 767 3587; x_wconf 90' lang='lat' dir='ltr'>est,</span> <span class='ocrx_word' id='word_1_141' title='bbox 788 3501 892 3598; x_wconf 82' lang='lat' dir='ltr'>eujus</span> <span class='ocrx_word' id='word_1_142' title='bbox 910 3503 1059 3596; x_wconf 90' lang='lat' dir='ltr'>quidem</span> <span class='ocrx_word' id='word_1_143' title='bbox 1079 3505 1226 3599; x_wconf 92' lang='lat' dir='ltr'>ingenio</span> <span class='ocrx_word' id='word_1_144' title='bbox 1252 3503 1397 3578; x_wconf 89' lang='lat' dir='ltr'>carebat</span> <span class='ocrx_word' id='word_1_145' title='bbox 1421 3501 1579 3596; x_wconf 92' lang='lat' dir='ltr'>stiloque</span> 
     </span>
     <span class='ocr_line' id='line_1_23' title="bbox 450 3632 1579 3730; baseline 0.001 -26"><span class='ocrx_word' id='word_1_146' title='bbox 450 3632 583 3719; x_wconf 88' lang='lat' dir='ltr'>laceto,</span> <span class='ocrx_word' id='word_1_147' title='bbox 602 3658 731 3707; x_wconf 89' lang='lat' dir='ltr'>versus</span> <span class='ocrx_word' id='word_1_148' title='bbox 752 3641 874 3707; x_wconf 90' lang='lat' dir='ltr'>tamen</span> <span class='ocrx_word' id='word_1_149' title='bbox 890 3639 1017 3708; x_wconf 90' lang='lat' dir='ltr'>metris</span> <span class='ocrx_word' id='word_1_150' title='bbox 1039 3636 1265 3722; x_wconf 88' lang='lat' dir='ltr'>imitabatur,</span> <span class='ocrx_word' id='word_1_151' title='bbox 1285 3634 1438 3724; x_wconf 89' lang='lat' dir='ltr'>scilicet,</span> <span class='ocrx_word' id='word_1_152' title='bbox 1458 3633 1579 3730; x_wconf 92' lang='lat' dir='ltr'>quoad</span> 
     </span>
    </p>
   </div>
   <div class='ocr_carea' id='block_1_7' title="bbox 451 3766 1745 3866">
    <p class='ocr_par' dir='ltr' id='par_1_8' title="bbox 451 3766 1745 3866">
     <span class='ocr_line' id='line_1_24' title="bbox 451 3766 1745 3866; baseline -0.002 -29"><span class='ocrx_word' id='word_1_153' title='bbox 451 3771 611 3862; x_wconf 91' lang='lat' dir='ltr'>poterat,</span> <span class='ocrx_word' id='word_1_154' title='bbox 631 3767 769 3840; x_wconf 88' lang='lat' dir='ltr'>AEolios</span> <span class='ocrx_word' id='word_1_155' title='bbox 788 3770 957 3866; x_wconf 87' lang='lat' dir='ltr'>Sapphus</span> <span class='ocrx_word' id='word_1_156' title='bbox 978 3767 1175 3862; x_wconf 84' lang='lat' dir='ltr'>Aleaeique</span> <span class='ocrx_word' id='word_1_157' title='bbox 1197 3768 1342 3854; x_wconf 89' lang='lat' dir='ltr'>modos,</span> <span class='ocrx_word' id='word_1_158' title='bbox 1360 3766 1580 3862; x_wconf 90' lang='lat' dir='ltr'>quandoque</span> <span class='ocrx_word' id='word_1_159' title='bbox 1657 3777 1660 3782; x_wconf 86' lang='lat'>&#39;</span> <span class='ocrx_word' id='word_1_160' title='bbox 1739 3813 1745 3823; x_wconf 44' lang='grc' dir='ltr'>ι</span> 
     </span>
    </p>
   </div>
   <div class='ocr_carea' id='block_1_8' title="bbox 447 3901 1587 4665">
    <p class='ocr_par' dir='ltr' id='par_1_9' title="bbox 450 3901 1580 4264">
     <span class='ocr_line' id='line_1_25' title="bbox 451 3901 1580 3998; baseline 0 -28"><span class='ocrx_word' id='word_1_161' title='bbox 451 3915 575 3971; x_wconf 89' lang='lat' dir='ltr'>veram</span> <span class='ocrx_word' id='word_1_162' title='bbox 598 3901 794 3996; x_wconf 89' lang='lat' dir='ltr'>reperiens</span> <span class='ocrx_word' id='word_1_163' title='bbox 813 3913 989 3990; x_wconf 91' lang='lat' dir='ltr'>mentem,</span> <span class='ocrx_word' id='word_1_164' title='bbox 1005 3903 1311 3998; x_wconf 88' lang='lat' dir='ltr'>quotiescumque</span> <span class='ocrx_word' id='word_1_165' title='bbox 1331 3923 1459 3972; x_wconf 90' lang='lat' dir='ltr'>verum</span> <span class='ocrx_word' id='word_1_166' title='bbox 1480 3905 1580 3994; x_wconf 90' lang='lat' dir='ltr'>pate-</span> 
     </span>
     <span class='ocr_line' id='line_1_26' title="bbox 451 4033 1579 4130; baseline 0.002 -27"><span class='ocrx_word' id='word_1_167' title='bbox 451 4037 554 4104; x_wconf 92' lang='lat' dir='ltr'>retur</span> <span class='ocrx_word' id='word_1_168' title='bbox 580 4034 770 4107; x_wconf 89' lang='lat' dir='ltr'>allectum.</span> <span class='ocrx_word' id='word_1_169' title='bbox 789 4037 828 4108; x_wconf 94' lang='lat' dir='ltr'>ln</span> <span class='ocrx_word' id='word_1_170' title='bbox 847 4037 1010 4110; x_wconf 81' lang='lat' dir='ltr'>Ausonio</span> <span class='ocrx_word' id='word_1_171' title='bbox 1032 4036 1236 4130; x_wconf 90' lang='lat' dir='ltr'>ingenium,</span> <span class='ocrx_word' id='word_1_172' title='bbox 1257 4037 1295 4107; x_wconf 91' lang='lat' dir='ltr'>in</span> <span class='ocrx_word' id='word_1_173' title='bbox 1317 4034 1470 4107; x_wconf 90' lang='lat' dir='ltr'>Paulino</span> <span class='ocrx_word' id='word_1_174' title='bbox 1489 4033 1579 4106; x_wconf 92' lang='lat' dir='ltr'>mol-</span> 
     </span>
     <span class='ocr_line' id='line_1_27' title="bbox 450 4165 1118 4264; baseline 0.004 -27"><span class='ocrx_word' id='word_1_175' title='bbox 450 4165 569 4238; x_wconf 90' lang='lat' dir='ltr'>litudo</span> <span class='ocrx_word' id='word_1_176' title='bbox 593 4167 707 4239; x_wconf 91' lang='lat' dir='ltr'>animi</span> <span class='ocrx_word' id='word_1_177' title='bbox 722 4170 901 4264; x_wconf 90' lang='lat' dir='ltr'>quaedam</span> <span class='ocrx_word' id='word_1_178' title='bbox 920 4169 1118 4242; x_wconf 91' lang='lat' dir='ltr'>eminebat.</span> 
     </span>
    </p>

    <p class='ocr_par' dir='ltr' id='par_1_10' title="bbox 447 4300 1587 4665">
     <span class='ocr_line' id='line_1_28' title="bbox 509 4300 1580 4394; baseline -0.001 -23"><span class='ocrx_word' id='word_1_179' title='bbox 509 4301 551 4372; x_wconf 90' lang='lat' dir='ltr'>Et</span> <span class='ocrx_word' id='word_1_180' title='bbox 579 4300 736 4375; x_wconf 87' lang='lat' dir='ltr'>Severus</span> <span class='ocrx_word' id='word_1_181' title='bbox 758 4303 914 4377; x_wconf 85' lang='lat' dir='ltr'>Sanctus</span> <span class='ocrx_word' id='word_1_182' title='bbox 935 4302 1194 4387; x_wconf 85' lang='lat' dir='ltr'>Endelechius,</span> <span class='ocrx_word' id='word_1_183' title='bbox 1214 4303 1350 4374; x_wconf 89' lang='lat' dir='ltr'>Romae</span> <span class='ocrx_word' id='word_1_184' title='bbox 1372 4301 1519 4394; x_wconf 92' lang='lat' dir='ltr'>quidem</span> <span class='ocrx_word' id='word_1_185' title='bbox 1540 4343 1580 4353; x_wconf 89' lang='lat'>—</span> 
     </span>
     <span class='ocr_line' id='line_1_29' title="bbox 452 4411 1579 4530; baseline 0.002 -25"><span class='ocrx_word' id='word_1_186' title='bbox 452 4434 677 4530; x_wconf 90' lang='lat' dir='ltr'>Burdigalae</span> <span class='ocrx_word' id='word_1_187' title='bbox 696 4435 951 4509; x_wconf 89' lang='lat' dir='ltr'>verisimiliter</span> <span class='ocrx_word' id='word_1_188' title='bbox 969 4443 1076 4511; x_wconf 94' lang='lat' dir='ltr'>natus</span> <span class='ocrx_word' id='word_1_189' title='bbox 1112 4482 1129 4488; x_wconf 86' lang='lat'>-</span> <span class='ocrx_word' id='word_1_190' title='bbox 1160 4437 1204 4508; x_wconf 94' lang='lat' dir='ltr'>de</span> <span class='ocrx_word' id='word_1_191' title='bbox 1232 4411 1361 4508; x_wconf 89' lang='lat' dir='ltr'>morbo</span> <span class='ocrx_word' id='word_1_192' title='bbox 1384 4434 1579 4530; x_wconf 88' lang='lat' dir='ltr'>pestilente</span> 
     </span>
     <span class='ocr_line' id='line_1_30' title="bbox 447 4567 1587 4665; baseline -0.001 -25"><span class='ocrx_word' id='word_1_193' title='bbox 447 4571 519 4641; x_wconf 86' lang='lat' dir='ltr'>scri</span> <span class='ocrx_word' id='word_1_194' title='bbox 534 4571 623 4665; x_wconf 79' lang='lat' dir='ltr'>psit3</span> <span class='ocrx_word' id='word_1_195' title='bbox 643 4573 706 4643; x_wconf 92' lang='lat' dir='ltr'>sed</span> <span class='ocrx_word' id='word_1_196' title='bbox 719 4572 893 4645; x_wconf 89' lang='lat' dir='ltr'>bovinam</span> <span class='ocrx_word' id='word_1_197' title='bbox 913 4581 1043 4646; x_wconf 87' lang='lat' dir='ltr'>tractat</span> <span class='ocrx_word' id='word_1_198' title='bbox 1058 4573 1170 4657; x_wconf 92' lang='lat' dir='ltr'>luem,</span> <span class='ocrx_word' id='word_1_199' title='bbox 1191 4579 1239 4657; x_wconf 90' lang='lat' dir='ltr'>et,</span> <span class='ocrx_word' id='word_1_200' title='bbox 1252 4573 1387 4643; x_wconf 92' lang='lat' dir='ltr'>nedum</span> <span class='ocrx_word' id='word_1_201' title='bbox 1405 4567 1587 4640; x_wconf 90' lang='lat' dir='ltr'>inanimo</span> 
     </span>
    </p>
   </div>
   <div class='ocr_carea' id='block_1_9' title="bbox 445 4702 1581 4802">
    <p class='ocr_par' dir='ltr' id='par_1_11' title="bbox 445 4702 1581 4802">
     <span class='ocr_line' id='line_1_31' title="bbox 445 4702 1581 4802; baseline -0.001 -28"><span class='ocrx_word' id='word_1_202' title='bbox 445 4703 590 4775; x_wconf 87' lang='lat' dir='ltr'>habeat</span> <span class='ocrx_word' id='word_1_203' title='bbox 608 4704 770 4777; x_wconf 88' lang='lat' dir='ltr'>remedia</span> <span class='ocrx_word' id='word_1_204' title='bbox 782 4707 838 4778; x_wconf 88' lang='lat' dir='ltr'>vel</span> <span class='ocrx_word' id='word_1_205' title='bbox 854 4731 982 4780; x_wconf 85' lang='lat' dir='ltr'>causas</span> <span class='ocrx_word' id='word_1_206' title='bbox 1000 4707 1200 4802; x_wconf 88' lang='lat' dir='ltr'>requirere,</span> <span class='ocrx_word' id='word_1_207' title='bbox 1218 4728 1348 4802; x_wconf 87' lang='lat' dir='ltr'>poema</span> <span class='ocrx_word' id='word_1_208' title='bbox 1362 4702 1478 4776; x_wconf 92' lang='lat' dir='ltr'>edidit</span> <span class='ocrx_word' id='word_1_209' title='bbox 1491 4702 1581 4798; x_wconf 86' lang='lat' dir='ltr'>lepi-</span> 
     </span>
    </p>
   </div>
   <div class='ocr_carea' id='block_1_10' title="bbox 0 0 1858 5748">
    <p class='ocr_par' dir='ltr' id='par_1_12' title="bbox 0 0 1858 5748">
     <span class='ocr_line' id='line_1_32' title="bbox 0 0 1858 5748; baseline 0 0"><span class='ocrx_word' id='word_1_210' title='bbox 0 0 1858 5748; x_wconf 95' lang='lat' dir='ltr'> </span> 
     </span>
    </p>
   </div>
  </div>
 </body>
</html>
