3692 5788
875 597 1110 666 .-tc..

452 773 509 846 lta
523 769 651 846 Graeci
665 770 741 868 jam
755 768 785 857 ”η
809 767 905 843 sicut
924 800 933 844 ι
952 768 1254 867 pronuntiabant,
1273 795 1416 849 necnon
1436 780 1459 881 β
1479 763 1573 854 siout

452 916 498 1004 V,
520 919 560 987 ut
579 913 686 987 testis
712 918 767 986 est
794 911 894 986 idem
919 910 1084 986 Isidorus
1109 912 1234 988 Gallos
1261 921 1404 1009 proabus
1431 919 1571 996 dixisse

444 1073 517 1145 -pro
543 1049 700 1142 proavus.
723 1047 754 1120 N
759 1071 820 1120 um
840 1051 874 1120 et
889 1047 991 1121 istud
1005 1046 1135 1121 vitium
1154 1047 1255 1122 laudi
1275 1052 1423 1127 duxerit
1441 1055 1567 1130 Hiero·

451 1160 598 1280 nymus{
624 1179 765 1254 scilicet
784 1179 959 1275 gracilem
980 1202 1111 1252 sonum
1125 1182 1139 1252 l
1155 1180 1192 1254 in
1209 1183 1415 1277 graviorem
1436 1210 1568 1262 sonum
1605 1218 1609 1223 ·

449 1317 477 1388 Ε
497 1321 693 1418 mutatum,
711 1321 823 1409 quom
847 1315 907 1400 ito,
928 1337 986 1412 ep.
1009 1319 1091 1405 125,
1112 1314 1260 1415 scripsit
1279 1319 1325 1392 ad
1346 1320 1534 1397 Rusticum
1558 1348 1565 1395 :

453 1480 470 1521 a
498 1453 537 1522 dt
561 1453 745 1522 ubertatem
768 1430 892 1522 Gallici
909 1453 1118 1544 nitoremque
1143 1457 1306 1525 sermonis
1324 1461 1482 1547 prauitas
1508 1461 1568 1532 m-

449 1611 553 1659 maoa
581 1588 742 1672 condiret,
767 1612 784 1654 a
802 1569 876 1669 vel,
892 1607 952 1682 ep.
983 1589 1030 1658 58
1049 1585 1095 1667 od
1130 1585 1349 1662 Paulinum:
1374 1593 1568 1665 «Hilarius

448 1722 574 1792 Gallico
599 1691 763 1792 cathamo
776 1721 986 1792 attollitur?
1009 1748 1026 1786 o

496 1854 600 1927 Adde
627 1855 725 1950 quod
743 1855 780 1927 in
811 1853 1047 1928 Loudunensi
1067 1855 1190 1930 codice
1215 1864 1461 1933 consonantes
1481 1860 1565 1957 ple·

392 1961 394 1966 ,
434 2011 603 2085 rumque
626 2012 700 2063 non
738 1957 1069 2063 assimilantur&
1060 1993 1240 2080 inlitus,
1268 1993 1443 2084 adrorore,
1469 1997 1567 2070 adlu-

446 2107 536 2210 dere,
559 2128 627 2196 etc
645 2123 774 2198 Cetera
786 2147 890 2222 parvi
910 2125 1037 2198 sunt’.

458 2237 653 2338 Quod
624 2275 654 2350 sr
676 2275 774 2324 nuno
799 2251 845 2324 od
865 2249 1027 2324 librum
1018 2273 1140 2346 rpsum
1160 2251 1363 2341 veniamus,
1385 2253 1439 2326 sic
1465 2276 1564 2327 com

447 2383 589 2482 positus
602 2383 906 2458 esseaMercello
920 2384 1020 2457 vide
1005 2389 1091 2457 tzur
1114 2384 1369 2482 cupitorum,
1393 2385 1566 2483 amplitu-

430 2501 532 2592 dine
560 2518 736 2617 disperio,
758 2541 869 2614 quom
898 2523 1007 2616 caput
1029 2543 1096 2593 vm
1121 2520 1167 2591 ad
1179 2538 1290 2592 omues
1314 2533 1347 2592 et
1365 2522 1567 2614 multiplices

445 2655 612 2726 oculorum
622 2655 750 2726 dolores
765 2656 911 2750 collyria
927 2678 1035 2728 oaxlx
1049 2654 1180 2728 habeat
1199 2655 1372 2764 capitula,
1385 2659 1504 2756 ¹caput
1514 2679 1566 2727 xx

444 2791 489 2859 ad
507 2791 621 2860 omnia
639 2791 805 2860 stomachi
831 2791 919 2859 uitia
940 2801 971 2860 et
994 2792 1133 2878 dolores,
1161 2813 1282 2874 axmx,
1313 2793 1563 2886 copulantem

444 2946 484 2995 111
493 2924 537 2993 ad
549 2926 751 3015 vertipioem
760 2926 896 3016 cupitis,
910 2947 948 3013 x,
959 2931 1067 3019 caput
1076 2947 1167 2996 xxiv
1172 2925 1363 3017 pleuriticis
1372 2936 1405 2995 et
1420 2926 1565 2996 laterum

443 3059 622 3142 doloribus
646 3080 726 3142 xm,
765 3063 917 3153 eaputv
943 3060 988 3129 ad
1006 3061 1129 3150 capitis
1157 3070 1313 3130 reumata
1338 3079 1391 3130 xx
1421 3061 1563 3131 tantum
1653 3047 1657 3054 ’

423 3189 605 3287 capitula
629 3192 821 3287 receperit.
859 3192 1010 3265 Addidit
1029 3199 1065 3264 et
1090 3215 1234 3266 cxxvm
1253 3192 1290 3264 in
1312 3191 1386 3264 fine
1417 3215 1561 3282 versus,

421 3299 426 3408 s
443 3324 640 3423 prosodiae
660 3324 698 3398 in
711 3324 853 3421 graecis
867 3327 1079 3401 nominibus
1091 3327 1266 3414 incertae,
1285 3331 1337 3416 ut,
1354 3325 1385 3400 si
1403 3325 1556 3423 ipsicre·

444 3461 565 3549 datur,
593 3459 756 3534 ludendo
790 3440 885 3534 seria
898 3461 1131 3535 concluserit.
1159 3461 1419 3535 Remediorum
1437 3461 1475 3534 in
1496 3461 1564 3534 hoc

423 3593 540 3668 ‘libro
577 3617 712 3690 genera
731 3595 804 3668 duo
826 3595 1047 3670 exstiterunt
1069 3620 1076 3667 :
1103 3595 1205 3667 verbi
1225 3595 1342 3690 gratio
1366 3619 1445 3692 cap.
1464 3617 1564 3668 'xum

441 3733 550 3824 atque
584 3727 673 3810 aliis
694 3728 866 3825 plurimis
897 3730 988 3804 haec
1011 3729 1050 3802 in
1079 3729 1187 3804 titulo
1209 3729 1422 3826 'praeposito
1453 3732 1560 3822 sunt:

445 3895 461 3932 a
485 3864 769 3938 humerorum...
805 3863 1042 3938 doloribus...
1080 3843 1243 3938 remedio
1269 3867 1494 3936 rationabilia
1526 3870 1560 3936 et

439 4001 582 4097 physica
602 3997 748 4072 diversa
767 4000 811 4072 de
826 3997 1169 4097 experimentis...»
1194 3998 1289 4086 Quid
1309 3999 1377 4072 hoc
1393 3996 1462 4072 sibi
1483 3997 1563 4080 vult

478 4223 486 4259 ¹
504 4222 639 4283 Similiter
658 4226 791 4280 servatur
803 4221 829 4278 Α
843 4223 872 4282 in
891 4219 1404 4292 verbiscoaoperperetp'.115,27;
1420 4219 1484 4288 246,
1500 4219 1556 4292 32),

439 4302 672 4374 disparperem.
688 4302 750 4369 340,
766 4303 802 4371 2),
817 4307 1040 4375 insparperetp.
1058 4303 1120 4365 275,
1134 4302 1174 4373 5),
1190 4300 1480 4371 supersparpere(p
1497 4300 1559 4371 323,
1632 4301 1636 4308 ’

439 4382 506 4458 30);
528 4397 653 4456 nomque
673 4398 722 4441 ere
742 4399 834 4453 voces,
852 4400 924 4456 quae
944 4383 1098 4440 dissolutae
1114 4383 1218 4440 iterum
1236 4381 1324 4450 vulgo
1337 4386 1559 4500 componuntur,

430 4463 604 4535 'simpliciter
618 4465 789 4542 plerumque
804 4470 1023 4557 componuntnr

476 4545 560 4601 ἢΗοο
573 4550 670 4602 tamen
681 4547 833 4603 notemus
824 4561 883 4620 Jam
896 4548 1087 4616 peremptore
1117 4543 1436 4616 (p.313‚10,eto.)pro
1449 4544 1559 4610 perori

439 4629 525 4680 arare
540 4627 678 4697 scriptum
697 4641 766 4692 esse,
787 4627 861 4684 siout
875 4625 996 4697 gallice:
1024 4627 1117 4680 ariole
1133 4639 1148 4680 a
1164 4627 1284 4689 cribro;
1300 4624 1324 4679 R
1338 4627 1366 4678 et
1385 4623 1404 4677 L
1424 4622 1454 4680 in
1468 4621 1560 4678 Gallie

437 4705 522 4764 facile
537 4707 612 4765 inter
624 4722 654 4765 sa
668 4707 902 4775 contunduntur3
919 4706 956 4763 of.
970 4711 1083 4764 contra:
1097 4708 1210 4776 epistre
1225 4703 1260 4760 ab
1275 4705 1416 4773 epistula.
1446 4745 1448 4750 -
