3706 5748
734 677 929 747 ..85-

308 866 338 921 p.
355 849 415 914 469,
432 847 465 903 ‘it
481 867 486 902 :
505 848 576 902 haec
591 851 694 902 omnia
709 850 748 902 ad
762 863 904 916 vaporem
917 851 1016 904 soluta
1027 853 1208 920 miscentur,
1226 859 1288 908 et...
1308 856 1393 920 tollep
1422 854 1424 865 ’

272 954 361 994 exeo
377 941 486 992 uncias
505 937 553 1007 Vl,
569 943 596 992 et
608 939 705 992 addes
722 935 821 994 illic...

272 1102 405 1199 qulbus
421 1126 504 1176 oum
518 1101 800 1198 pronominibus
822 1103 910 1176 haec
924 1103 1011 1178 licet
1027 1105 1186 1181 conferri
1200 1131 1209 1180 :

307 1331 337 1387 p.
353 1313 398 1384 78,
413 1313 452 1369 i:
473 1315 570 1369 mellis
586 1314 760 1381 despumati
776 1311 896 1386 aliquid
910 1331 945 1370 ac
958 1318 1039 1374 viui.

306 1421 336 1476 p.
353 1403 398 1470 74,
414 1401 429 1458 4
446 1418 453 1458 :
473 1418 544 1456 cum
563 1400 699 1474 pausillo
719 1405 799 1458 uini.

307 1509 336 1563 p.
353 1491 397 1560 76,
413 1491 447 1546 88
464 1510 471 1546 :
488 1488 606 1562 aliquld
620 1492 730 1545 mellis.

307 1597 336 1652 p.
353 1581 398 1648 74,
415 1579 431 1634 2
446 1599 452 1635 :
469 1595 559 1649 sapae
574 1576 743 1634 modicum.

307 1684 336 1740 p.
354 1667 415 1738 476,
433 1667 465 1723 47
485 1684 491 1721 :
510 1681 732 1736 asparaqorurn
745 1669 837 1722 radix
852 1669 892 1722 ad
904 1669 1029 1736 pondus
1041 1669 1243 1725 denariorum
1258 1671 1393 1727 duorum

272 1763 301 1813 et
316 1760 467 1813 brassicae
482 1755 553 1823 folla
567 1753 762 1814 tantumdem
778 1770 944 1812 mensurae
959 1759 1104 1817 contrita.

272 1919 358 2011 Sed,

307 2123 336 2178 p.
354 2104 415 2172 235,
432 2103 466 2160 ‘tl
483 2118 491 2161 ε
511 2103 605 2171 pallas
620 2108 752 2173 quantas
767 2103 913 2172 uolueris,
929 2119 985 2176 pro
1005 2108 1169 2172 quantum.

271 2273 324 2344 lla
352 2291 467 2363 genus
501 2268 706 2342 detractum
736 2271 826 2354 erat,
863 2266 1141 2364 suadebantque
1173 2266 1395 2364 pronomina

272 2406 309 2479 in
336 2402 595 2476 adverbiorum
624 2403 775 2492 formato,
798 2399 981 2497 fiebatque
1011 2406 1049 2475 ut
1069 2401 1157 2475 tolia
1174 2400 1392 2498 plerumque

273 2532 540 2612 scriberentur¹
555 2564 563 2609 :

308 2771 337 2825 p.
354 2752 398 2822 43,
415 2751 449 2806 ‘io
465 2769 471 2807 :
490 2749 562 2806 iude
578 2755 669 2818 caput
685 2750 784 2803 lauari
804 2756 930 2819 oportet.

307 2861 337 2916 p.
353 2843 397 2910 46,
416 2842 448 2898 46
463 2857 470 2898 :
488 2839 559 2896 iudo
575 2856 644 2894 curn
660 2855 736 2910 opus
752 2841 847 2906 fuerit
868 2845 959 2910 caput
976 2856 1071 2909 unqe.

307 2951 336 3005 p.
355 2932 397 3000 58,
416 2932 448 2987 46
465 2948 472 2987 :
489 2929 561 2986 iudo
576 2932 690 2984 illines.

307 3039 336 3094 p.
354 3021 398 3088 b‘t,
413 3020 449 3077 ‘25
466 3037 472 3074 :
490 3037 527 3075 ne
543 3022 619 3087 quid
635 3018 708 3072 inde
724 3017 806 3086 (vere
825 3018 970 3091 genetiv.)
988 3018 1129 3076 destillet.

307 3129 336 3183 p.
354 3111 397 3179 54,
415 3111 429 3164 7
447 3126 453 3164 :
471 3107 542 3164 indo
558 3110 683 3175 capillos
696 3109 816 3162 illinus.

308 3218 338 3273 p.
356 3201 401 3267 64,
416 3199 451 3254 78
466 3216 473 3255 :
492 3197 564 3254 iudo
578 3199 706 3268 collyria
721 3200 899 3264 formantur
913 3215 949 3252 ex
962 3215 1051 3266 aqua.

308 3307 337 3363 p.
354 3289 399 3358 66,
417 3287 450 3344 46
465 3305 472 3343 :
489 3286 561 3342 iudo
575 3285 678 3342 oculos
697 3289 824 3353 fovebis.

307 3397 337 3452 p.
354 3379 400 3449 67,
415 3379 431 3432 2
449 3395 455 3432 :
478 3375 549 3442 indo
565 3378 728 3444 exprimes.

307 3467 342 3542 p.
355 3469 399 3536 68,
414 3467 429 3522 4
448 3482 454 3522 :
476 3465 548 3520 iude
564 3468 644 3520 oculi
663 3467 905 3530 suffundantur.

308 3576 337 3631 p.
354 3556 399 3622 ri,
413 3556 447 3611 ii
463 3571 470 3611 :
492 3553 563 3609 iudo
579 3557 795 3622 inunpantur.

307 3665 336 3720 p.
356 3647 400 3712 75,
418 3646 450 3701 47
469 3661 476 3700 :
498 3642 570 3699 inde
587 3646 713 3711 collyrio
729 3646 839 3709 [acies.

308 3755 336 3809 p.
354 3737 399 3803 88,
416 3735 444 3791 34
463 3753 471 3791 :
493 3734 565 3789 iude
581 3737 726 3802 iuunpes.

308 3844 337 3899 p.
354 3825 399 3894 84,
415 3825 447 3880 33
466 3841 472 3881 ;
494 3826 595 3878 oculos
614 3822 685 3877 iude
702 3823 847 3890 albuuine
861 3829 1055 3892 occupatos...
1072 3827 1281 3880 circumlines.

309 3934 338 3989 p.
355 3915 398 3984 87,
415 3913 448 3970 io
465 3935 471 3969 :
494 3912 565 3969 lude
579 3916 730 3968 inducito.

308 4024 337 4078 p.
355 4005 398 4072 ub,
418 4005 471 4060 ti:
493 4001 565 4058 iude
581 4004 709 4072 collyria
729 4006 821 4068 iacies
837 4003 881 4076 (p.
899 4005 943 4071 90,
957 4004 991 4061 83
1005 4009 1037 4060 et
1051 4003 1107 4060 io:
1129 4008 1222 4076 atque
1239 4005 1282 4059 ita
1302 4006 1392 4072 colly-

274 4101 322 4152 ria
338 4092 510 4162 formabis).
595 4107 598 4114 ’
1185 4123 1189 4131 -

308 4204 337 4258 p.
354 4187 398 4253 94,
413 4185 450 4240 2:
473 4182 544 4239 iude
561 4185 689 4252 collyria
706 4186 863 4249 formabis.

309 4427 318 4460 ¹
333 4425 394 4480 laur
405 4425 437 4480 Τ.
454 4423 552 4480 Livius
565 4413 698 4493 quidem:
716 4445 728 4474 r
743 4425 819 4479 [nde
830 4425 984 4478 oriundus
996 4429 1084 4478 erato
1104 4436 1156 4493 pro
1167 4439 1203 4477 ex
1216 4439 1259 4493 eo,
1272 4424 1390 4495 gallico:

273 4508 308 4558 de
328 4509 373 4560 ini
387 4525 399 4572 ;
413 4505 619 4574 Torcutlusquc
636 4518 642 4558 :
662 4525 674 4553 u
690 4505 767 4558 lude
783 4509 892 4572 major,
912 4523 925 4555 »
955 4503 1057 4573 gallice
1075 4522 1081 4557 :
1111 4504 1202 4558 l’aiue'
1218 4506 1269 4558 des
1290 4507 1390 4569 deux;

272 4585 319 4641 sed
335 4584 476 4640 rarissime
490 4599 522 4640 ao
543 4582 717 4654 populariter
736 4585 917 4654 scripserant.
943 4584 1082 4640 Paulatim
1097 4587 1203 4651 autom,
1221 4603 1234 4633 r
1251 4584 1393 4654 vergenti-

273 4666 381 4735 busque
395 4665 488 4731 anuis,
503 4685 513 4714 a
530 4664 657 4734 vulgaris
673 4665 888 4735 cotidianusquo
903 4678 996 4721 sermo
1010 4664 1072 4720 sine
1085 4663 1259 4720 dubitatione
1274 4664 1304 4720 lu
1323 4665 1393 4721 scri·

274 4744 373 4800 beudis
388 4743 468 4799 libris
483 4749 636 4812 usurpatus
647 4749 698 4800 ost.
