3706 5748
934 621 1155 689 -rte-
1262 681 1265 688 .

485 804 616 892 ciebat,
635 803 700 878 sed
720 826 985 904 nonnunquam
1008 802 1058 874 ita
1075 803 1237 898 scripsit5
1259 802 1361 877 velut
1379 801 1537 897 quadam
1560 822 1608 869 ex

485 945 587 1035 parte
608 937 873 1034 praesentiretJ
896 944 1004 1033 atque
1032 936 1133 1025 haec,
1156 962 1249 1032 quae
1279 962 1376 1011 nuno
1400 937 1445 1008 de
1472 933 1609 1006 articu-

473 1071 533 1174 lis
558 1072 832 1162 contendimus,
855 1071 959 1144 facile
987 1072 1027 1144 in
1057 1071 1184 1145 multis
1205 1071 1249 1144 de
1269 1070 1443 1146 Marcello
1474 1090 1603 1164 quaes-

485 1204 649 1277 tionibus
668 1227 756 1276 vera
771 1226 852 1276 esse
869 1207 1089 1300 reppereris.

535 1365 669 1438 Stilum
696 1365 734 1437 in
766 1365 896 1438 libello
926 1366 1089 1440 Marcelli
1128 1367 1274 1442 nullum
1301 1368 1417 1442 luisse
1449 1368 1611 1441 libenter

485 1471 708 1575 asseruerim
731 1528 738 1571 :
762 1527 875 1576 riuum
892 1504 960 1575 hoc
977 1504 1106 1592 voluit,
1134 1502 1309 1576 facillime
1330 1502 1509 1599 intellegi.
1532 1503 1606 1576 Sed

485 1643 656 1708 currente
671 1635 812 1722 calamo
827 1637 987 1734 scripsit,
1007 1639 1108 1734 parvi
1121 1637 1272 1723 iaciens,
1291 1637 1322 1710 si
1341 1637 1607 1734 praefationem

487 1771 688 1865 exceperis
707 1793 836 1843 omnes
853 1772 974 1848 omnis
991 1773 1091 1846 modi
1114 1772 1249 1868 figuras
1271 1772 1329 1846 vel
1348 1770 1612 1845 translationes

488 1896 548 1968 vel
569 1877 770 1968 sententias
788 1897 955 1970 inversas
965 1920 975 1984 3
999 1921 1066 1970 nec
1082 1903 1206 1970 tamen
1223 1898 1309 1971 huic
1329 1898 1427 1970 inest
1447 1897 1509 1969 illa
1524 1896 1612 1969 sirn-

488 2029 633 2127 plicitas
660 2053 732 2124 qua
758 2029 1030 2104 delectanturii
1058 2031 1119 2126 qui
1148 2031 1193 2104 de
1225 2031 1388 2105 scientiis
1414 2031 1613 2105 doctrinis·

332 2166 334 2176 '
445 2227 446 2230 ,
489 2188 560 2260 que
593 2164 834 2262 scripserunt.
867 2167 948 2238 Non
978 2190 1022 2238 ex
1055 2166 1244 2263 proposito
1276 2190 1343 2238 nec
1375 2189 1456 2238 curn
1486 2164 1614 2237 labore

490 2298 764 2394 simplicitatem
794 2301 963 2393 quaerit;
988 2303 1052 2374 sed
1082 2325 1191 2374 voces
1212 2301 1428 2396 imprudens
1443 2293 1610 2393 collegit,

491 2456 565 2505 non
587 2431 708 2527 elegit,
726 2432 817 2504 adeo
838 2437 876 2504 ut
897 2457 1005 2529 saepe
1026 2437 1105 2508 voci
1130 2459 1262 2531 pravae
1283 2433 1475 2505 meliorem
1490 2434 1613 2528 juxta-

491 2575 656 2663 poneret,
689 2589 755 2637 nec
785 2589 934 2662 pravam
976 2569 1148 2666 deinceps
1181 2569 1352 2642 auferret.
1386 2568 1617 2662 Quapropter

491 2709 580 2780 haec
596 2708 733 2804 passim
761 2706 882 2804 legere
903 2717 959 2782 est
980 2735 988 2782 :
1026 2716 1061 2784 id
1085 2727 1144 2800 est,
1169 2717 1226 2784 boc
1247 2726 1308 2801 est,
1324 2713 1409 2804 quod
1435 2721 1495 2795 est,
1512 2706 1616 2784 nulla

443 2943 444 2948 Ἰ
491 2843 586 2916 facta
612 2846 824 2930 attractione,
860 2868 971 2939 quom
1001 2846 1053 2920 sic
1093 2846 1185 2919 nihil
1220 2846 1322 2920 aliud
1359 2869 1400 2917 ac
1436 2842 1616 2916 correctio

408 2981 410 2988 ’
493 2977 672 3072 quaedam
694 2977 934 3072 exprimatur.
956 2979 1028 3053 Sed
1049 3005 1121 3076 quo
1143 2979 1374 3054 manifestius
1398 2975 1614 3088 Marcellum

494 3110 647 3184 liberius
685 3110 909 3209 molliusque
948 3115 1141 3211 scripsisse
1180 3117 1494 3198 demonstremus
1524 3111 1615 3180 duas

495 3245 603 3316 hasce
630 3244 869 3339 inspiciamus
899 3248 1114 3336 sententiae,
1138 3249 1271 3342 quibus
1304 3270 1416 3321 rmum
1444 3244 1616 3335 idemque

495 3376 701 3450 remedium
736 3377 793 3451 bis
821 3381 1056 3471 describitur,
1090 3382 1168 3454 sine
1201 3382 1323 3457 studio
1354 3401 1537 3474 quoquam
1558 3375 1617 3446 vel

496 3511 687 3606 repetendi
713 3511 774 3584 vel
794 3513 935 3588 vitandi
954 3513 1070 3588 semel
1091 3495 1188 3590 dieta
1202 3515 1327 3599 verba,
1350 3518 1618 3608 usurpatasque

491 3645 685 3741 juncturas
706 3669 714 3718 :

570 3815 644 3872 OAP.
660 3815 705 3886 25,
722 3816 752 3872 tt
768 3835 776 3885 ;
793 3829 822 3875 P.
839 3819 902 3885 249,
918 3819 961 3876 29.
1158 3821 1230 3878 Cae.
1247 3820 1292 3891 34,
1307 3820 1340 3877 67
1354 3837 1361 3890 ;
1377 3833 1406 3876 Ρ.
1423 3817 1485 3885 353,
1502 3819 1545 3873 ll.

533 3994 717 4051 Incredibile
738 4003 766 4051 et
784 4000 913 4054 unicum
935 4016 1033 4055 remc-
1123 4003 1271 4056 Inuictum
1285 4004 1439 4073 potionem
1461 3998 1501 4050 ad
1520 3998 1621 4050 aciati-

498 4086 733 4140 diumaotattois
746 4091 774 4140 et
789 4091 963 4144 arthritieis
980 4092 1034 4144 hoo
1086 4109 1135 4146 cos
1157 4097 1186 4146 et
1208 4091 1385 4144 arthriticos
1404 4076 1567 4153 facientem
1586 4087 1620 4138 tn

497 4180 550 4241 eat,
568 4191 627 4243 quo
643 4180 668 4229 et
683 4177 748 4243 ipae
764 4178 922 4232 Ausonius
937 4182 1035 4236 medi·
1089 4180 1178 4234 tituto
1213 4178 1373 4244 superiore
1409 4176 1444 4228 de
1486 4175 1621 4226 sciaticis

498 4277 553 4316 oua
576 4269 773 4331 sarlatensem,
798 4273 825 4320 et
848 4271 971 4333 multos,
992 4271 1034 4323 ita
1086 4266 1469 4337 plenissimeacrtpaimus,
1483 4263 1535 4316 aad
1550 4277 1622 4329 quo-

494 4352 1035 4418 jaoeotes'utmooereoesinecru-
1091 4359 1175 4411 niam
1197 4361 1355 4419 <tam>
1392 4354 1517 4406 diuinus
1554 4354 1621 4418 ejus

498 4441 581 4492 ciatu
604 4443 778 4509 nequirent·
797 4445 881 4498 intra
899 4449 1035 4515 quinque
1055 4495 1057 4499 ,
1090 4447 1215 4512 effectus
1232 4449 1285 4510 est,
1304 4444 1480 4497 iterandam
1503 4442 1622 4508 putaui,

497 4533 599 4596 stare,
628 4532 787 4585 anibulare
814 4541 916 4588 eutem
949 4539 1032 4589 intra
1089 4536 1211 4603 nequis
1230 4533 1405 4587 arthrittots
1426 4531 1624 4584 remediare·

497 4622 612 4685 septem
640 4621 705 4673 dies
733 4623 834 4686 fectu
867 4627 1032 4691 conficitur
1090 4627 1217 4694 quiretis
1242 4624 1335 4690 hujus
1356 4617 1624 4688 iquorationet'at·

492 4709 567 4761 'stes
1089 4715 1199 4767 tatur:
