3706 5748
962 591 1157 659 ..78-

498 791 570 863 quo
595 772 630 840 et
659 766 738 863 ipse
764 764 850 839 mox
878 767 1064 862 periturus
1091 772 1182 853 erat,
1206 766 1263 840 vel
1285 766 1416 840 saltem
1445 764 1622 838 facillime

496 902 789 998 corrumpendus
810 906 920 996 atquc
940 927 961 974 a
981 901 1164 974 strictiore
1184 925 1314 975 norma
1334 901 1566 996 delapsurus,

544 1035 596 1108 Dc
621 1059 757 1130 genere
774 1039 910 1108 corticis
936 1035 1000 1109 diu
1025 1036 1315 1132 saepissimeque
1343 1035 1524 1107 ambitum
1545 1040 1617 1121 est,

496 1194 531 1240 v.
545 1193 580 1264 g.
595 1192 616 1240 a
631 1168 857 1256 Quintiliano
868 1168 905 1240 iu
920 1169 1040 1266 primo
1051 1173 1091 1242 dc
1104 1173 1318 1242 institutione
1332 1171 1485 1240 oro-loric
1498 1167 1615 1254 libro;

414 1345 419 1359 .
496 1301 674 1375 feminino
699 1327 788 1376 usus
808 1311 864 1375 est
883 1302 1080 1377 Marcellus
1103 1327 1110 1374 :

529 1523 559 1580 p.
577 1505 640 1575 lat,
657 1505 691 1562 16
708 1522 715 1560 :
732 1509 894 1574 papaueris
910 1510 1008 1576 capita
1024 1514 1051 1562 et
1067 1513 1204 1561 cortex...
1221 1508 1292 1560 oino
1308 1507 1426 1561 incocta
1440 1505 1489 1577 (l).

530 1611 560 1666 p.
577 1594 639 1664 127,
655 1593 691 1650 99
707 1612 713 1647 :
732 1597 884 1652 radicis...
900 1602 1001 1651 cortex
1028 1600 1162 1662 arefacta
1177 1601 1205 1650 et
1220 1601 1360 1650 contusa.

531 1701 561 1755 p.
578 1685 640 1748 153,
656 1684 688 1739 91
705 1701 711 1741 ;
731 1688 937 1739 contunditur
953 1685 1031 1741 haec
1046 1691 1157 1740 cortex.

532 1789 561 1844 p.
577 1773 641 1841 991,
657 1773 673 1828 9
690 1792 696 1827 :
718 1789 794 1840 quas
809 1776 931 1830 sublata
944 1773 1055 1830 cortice
1070 1777 1237 1842 diliqeuler
1252 1775 1386 1828 siccabis.

532 1879 561 1934 p.
577 1862 641 1931 266,
658 1863 694 1918 5:
715 1866 857 1917 corticem
870 1866 1054 1919 nitidaiam.

532 1969 561 2025 p.
578 1953 641 2018 289,
670 1951 703 2006 30
730 1955 889 2008 :verbasci
913 1955 1029 2008 radicis
1052 1956 1195 2008 corticem
1212 1955 1373 2018 (1611611116,
1400 1955 1525 2022 ejusque
1551 1968 1620 2005 coa-

496 2048 621 2097 tritae...

532 2149 561 2204 p.
579 2130 642 2196 334,
658 2130 711 2187 26:
730 2130 804 2202 folia
821 2135 875 2186 aul
890 2135 1017 2186 cortices
1032 2133 1142 2186 siccas.

546 2313 719 2380 lacrimas
732 2308 789 2381 bis
804 2308 963 2404 scriptus
978 2315 1032 2381 est
1049 2332 1114 2405 pro
1128 2313 1283 2395 lacrimo,
1297 2310 1423 2395 semcl,
1440 2334 1474 2404 p.
1497 2313 1557 2398 91,
1579 2316 1614 2392 7,

423 2435 428 2446 ’
496 2447 535 2518 in
566 2443 725 2516 lormula
759 2443 947 2534 carmiuiS,
982 2449 1145 2516 celerum
1181 2467 1247 2540 pro
1279 2447 1352 2515 albo
1385 2448 1441 2515 oui
1474 2443 1616 2538 signiti-

497 2578 659 2670 cando:¹

536 2799 564 2853 p.
581 2782 626 2847 65,
642 2781 658 2838 6
673 2800 679 2838 ;
695 2797 730 2836 ex
745 2784 793 2835 oui
808 2783 924 2836 incocto
940 2784 1016 2849 albo,
1030 2784 1062 2836 id
1079 2787 1124 2836 eet
1139 2780 1278 2837 lacrimo

497 2981 572 3052 Hoc
592 2988 714 3052 aulem
735 2982 913 3052 lacrimam
935 2979 991 3051 bis
1011 2979 1212 3075 appellavit
1234 3007 1242 3052 :

528 3203 558 3257 p.
575 3186 636 3258 316,
652 3183 687 3241 ‘25
704 3199 710 3239 :
730 3188 843 3240 deiude
858 3188 958 3240 oleum
982 3200 1103 3238 roseum
1126 3187 1170 3238 oet
1187 3181 1331 3237 lacrimas
1351 3201 1476 3240 ovorum
1501 3187 1615 3238 admis-

491 3278 582 3330 celtis.

524 3380 553 3436 p.
571 3364 633 3428 377,
651 3365 681 3418 lt
698 3381 705 3417 ι
720 3367 821 3418 mittes
837 3369 864 3417 el
880 3379 1006 3418 ovorum
1021 3368 1154 3430 quatuor
1169 3361 1341 3418 lacrimam.

489 3561 598 3646 Num,
630 3586 665 3657 p.
695 3565 755 3647 65,
787 3566 821 3648 6,
845 3559 1088 3633 similitudine
1118 3561 1200 3633 soni
1224 3561 1396 3656 quadam,
1421 3561 1492 3633 nisi
1519 3561 1625 3634 lorte'

491 3694 632 3767 scribae
653 3695 710 3767 vel
726 3694 887 3769 auctoris
900 3693 1042 3768 calamo
1056 3695 1214 3781 labente,
1225 3699 1365 3767 lacrimo
1380 3718 1445 3791 pro
1467 3699 1609 3768 lacrimo

489 3830 668 3924 scriplum
699 3829 802 3902 erit?
822 3829 928 3916 Quod
950 3852 993 3901 eo
1012 3829 1090 3901 veri
1112 3829 1272 3903 similius
1297 3836 1365 3917 est,
1389 3831 1487 3925 quod
1508 3831 1613 3904 nullo
1669 3847 1674 3858 ·

488 3963 599 4035 modo
621 3963 737 4034 lorma
750 3963 838 4034 haec
858 3962 976 4058 possit
993 3986 1110 4057 neque
1124 3962 1266 4035 absolvi
1283 3986 1405 4058 neque
1427 3965 1609 4037 excusari.

536 4101 648 4190 Myrto
676 4119 742 4192 pro
776 4109 884 4190 myrto
912 4096 1117 4190 frequens:
1148 4122 1183 4193 p.
1212 4101 1292 4186 108,
1323 4101 1387 4185 293
1423 4103 1505 4189 131,
1535 4103 1579 4172 33
1596 4123 1605 4187 ;

491 4236 573 4317 113,
595 4235 664 4319 11;
688 4236 768 4318 166,
791 4237 912 4318 neu

536 4369 700 4448 0611611111,
721 4365 938 4459 pracsertim
954 4388 1020 4460 pro
1040 4365 1184 4438 medico
1203 4367 1258 4439 vel
1280 4366 1456 4462 empirico
1477 4393 1606 4462 graeco

487 4523 657 4572 sermone
688 4499 875 4571 interdum
904 4505 1044 4587 utente,
1072 4501 1225 4573 minime
1245 4503 1381 4575 mirum
1401 4511 1470 4590 est,
1495 4529 1605 4598 quom

484 4632 610 4705 Graeci
627 4637 751 4741 ὄστρεον
774 4631 910 4720 dicant,
928 4633 1120 4728 Latinique
1144 4648 1267 4724 ostreo,
1290 4650 1418 4707 ostreae
1443 4636 1601 4712 dixerint
