3706 5748
931 655 1129 724 „76-

471 829 552 919 lice,
575 829 782 904 Theodosio
822 834 1011 924 regnante,
1048 827 1195 903 loeutus
1225 831 1284 902 sit.
1304 829 1391 918 Sed,
1413 831 1445 904 si
1483 855 1591 905 voees

470 965 582 1060 ipsas,
597 972 794 1059 antequam
812 965 856 1038 ad
874 962 1058 1060 syntaxim
1080 962 1285 1052 veniamus,
1303 961 1590 1060 inspexerimus

469 1099 553 1172 vide
572 1103 709 1195 quanto
744 1122 833 1172 usus
866 1097 1026 1171 Marcelli
1058 1097 1141 1171 usui
1176 1103 1304 1171 nostro
1333 1098 1413 1194 jam
1434 1099 1595 1173 similior

470 1238 654 1330 appareat.

520 1369 699 1462 Namque,
733 1373 773 1440 ut
800 1365 1021 1439 sententiam
1043 1367 1240 1441 verborum
1271 1370 1404 1440 mittero
1427 1371 1462 1438 et
1482 1373 1595 1460 [orere

470 1503 698 1589 omittamus,
725 1502 769 1574 de
804 1501 937 1596 quibus
970 1525 1037 1574 suo
1067 1501 1146 1573 loco
1174 1501 1265 1574 salis
1300 1509 1407 1574 antea
1436 1502 1591 1590 dietum,

471 1635 637 1734 perspice
658 1641 745 1730 quot
763 1633 940 1708 voeabula
959 1634 1133 1729 gallicum
1150 1639 1359 1731 temporum
1380 1639 1593 1708 nostrorum

381 1747 383 1751 ⁸
473 1793 623 1844 sensum
645 1768 900 1865 adeptasinl:

507 1977 653 2029 albumen
672 1989 808 2036 ovorum,
1045 1976 1168 2028 lactaris
1183 1989 1285 2042 capra,

392 2081 395 2089 ·
507 2067 649 2132 battuere,
1047 2064 1203 2125 medietas,

506 2155 650 2216 cervesia,
1044 2157 1140 2222 pasta,

507 2243 669 2304 concretio,
1045 2241 1216 2308 periodicae
1235 2243 1345 2307 febres,

507 2333 631 2396 deforis,
1045 2331 1273 2397 quindecimus,

507 2421 602 2485 focus,
908 2427 909 2434 ’
1042 2435 1155 2474 rancor
1169 2421 1325 2483 stomachi,

444 2507 445 2514 ’
509 2510 748 2571 incommodare,
779 2520 782 2528 ’
863 2498 865 2503 ’
1045 2513 1248 2578 aanouiauoe,
1266 2512 1334 2576 cto„

476 2726 701 2799 sensumque
721 2706 818 2778 hune
837 2706 969 2803 adepta
988 2705 1075 2796 sint,
1094 2705 1224 2780 eadem
1243 2705 1503 2779 terminatione
1523 2729 1599 2778 ser·

477 2844 571 2912 vata.
594 2839 697 2926 Quod
717 2839 751 2912 si·
766 2839 860 2914 torte
880 2839 930 2916 ita
950 2840 1086 2915 iactum
1107 2845 1175 2931 est,
1195 2839 1288 2915 mira
1309 2841 1510 2914 admodum
1533 2839 1600 2912 fuit

477 2994 684 3046 concursio.

526 3107 598 3180 Sed
618 3108 684 3180 hac
705 3106 907 3181 mutatione
924 3129 1040 3202 genus
1067 3108 1178 3179 eliam
1198 3107 1462 3180 nonnullorum
1481 3107 1599 3179 nomi-

478 3266 567 3314 num
582 3240 835 3314 'adulteratum
864 3246 932 3330 est,
966 3241 1063 3337 quod
1094 3239 1186 3314 Galli
1217 3247 1344 3338 postea
1364 3241 1462 3313 haud
1483 3241 1599 3314 semel

479 3380 699 3471 acceperunt
721 3395 728 3447 :

515 3596 545 3651 p.
561 3578 624 3646 279,
641 3579 653 3634 i
672 3596 679 3637 :
701 3581 761 3634 cibi
772 3584 904 3647 prosunt
920 3581 1096 3636 lormlnoeie
1114 3579 1325 3650 hujuscemodi
1339 3595 1349 3635 .·
1363 3581 1514 3649 palumbi,
1530 3597 1603 3634 ana·

480 3674 534 3732 loa,
551 3665 670 3734 meruli,
687 3669 807 3724 turdi...
1583 3663 1585 3670 '

480 3860 627 3930 Merulus
655 3878 721 3952 pro
748 3859 891 3946 merulo,
922 3855 1083 3952 gallice:
1112 3881 1158 3927 un
1197 3860 1310 3932 merle.
1349 3856 1452 3943 Quod
1481 3856 1601 3931 vicino

480 3990 659 4062 vocabulo
681 3992 774 4061 turdi
796 3990 865 4062 hoo
893 3991 1059 4062 ellectum
1082 3991 1143 4077 sil,
1167 3989 1307 4086 puerile
1328 3989 1422 4063 sorel
1450 3997 1599 4064 conten·

481 4126 581 4213 dere,
598 4123 897 4218 quandoquidem
918 4125 1063 4198 unicam
1083 4124 1337 4220 exceptionem
1354 4148 1475 4197 sermo
1495 4149 1601 4199 onno-

480 4267 540 4332 tus
562 4282 635 4330 non
657 4259 894 4330 servavisset.
915 4265 1006 4331 Item
1030 4281 1037 4328 :

519 4482 547 4534 p.
562 4460 669 4529 380,13
685 4478 693 4527 ;
710 4460 770 4527 381,
788 4463 831 4530 ll,
849 4467 908 4520 elo.
927 4481 932 4520 :
956 4466 1116 4533 speculare
1128 4479 1184 4537 pro
1203 4467 1382 4534 specularia,
1399 4479 1494 4520 maso.
1511 4479 1604 4535 gene-

482 4557 536 4619 ris‚
558 4554 704 4624 ponitur1
720 4572 725 4620 ς

523 4759 593 4821 1οῐ.
608 4761 705 4818 senec.
721 4759 813 4812 Pron.
830 4753 856 4810 l.
887 4787 889 4790 -
