3706 5748
697 655 916 724 *lae-

244 854 357 927 quom
382 829 592 927 scripsisset
613 829 854 904 Scribonius:
890 834 1014 902 «Licet
1042 841 1074 902 at
1100 833 1178 903 biae
1195 836 1368 924 catapotia

241 970 497 1060 saeerepropter
512 966 664 1036 eamdem
677 989 828 1052 cuasam,
851 962 1075 1070 oMarcellus
1089 962 1318 1059 neutiquam,
1330 969 1370 1037 ut

242 1099 403 1187 videtur,
421 1122 549 1172 verum
567 1121 718 1202 sensum
735 1097 838 1171 verbi
853 1100 929 1170 lieet
944 1098 1180 1193 intellegens,
1196 1099 1369 1195 conjunc-

243 1233 458 1328 tionemque
491 1256 571 1306 esse
605 1225 819 1320 arbitratus,
850 1230 1024 1304 addidit:
1056 1234 1141 1304 atila
1174 1203 1237 1322 pit,
1264 1231 1364 1328 quod

244 1391 327 1441 cum
349 1371 469 1439 cetera
489 1364 674 1439 sententia
700 1365 858 1476 quadam
887 1388 931 1437 ex
959 1374 1064 1462 parte
1091 1364 1261 1460 congruit
1282 1391 1291 1436 ε
1311 1368 1370 1438 aad

246 1511 324 1592 tana
342 1523 449 1592 aquae
467 1501 532 1569 met
555 1498 721 1591 adjicitur
747 1497 795 1593 lp.
818 1502 900 1586 155,
925 1493 972 1592 9).
994 1497 1207 1570 Notandum
1223 1519 1368 1592 quoque

245 1639 316 1722 est,
334 1633 478 1729 quoties
496 1630 616 1726 figura
643 1631 755 1703 verbo
775 1633 857 1704 dare
875 1629 1173 1727 quibusdamque
1200 1630 1282 1704 aliis
1301 1633 1375 1730 ans

244 1767 445 1865 inponitur,
473 1788 547 1838 non
573 1764 812 1855 infinitivum,
831 1765 896 1840 sed
916 1765 1152 1863 participium
1185 1765 1224 1838 in
1249 1769 1369 1848 -adarn

245 1898 369 1997 potius
382 1898 553 1997 usurpari
570 1924 579 1970 :

280 2122 310 2178 p.
327 2103 389 2172 222,
405 2105 421 2160 8
438 2121 445 2161 :
462 2105 586 2173 cyathos
601 2103 689 2159 dabis
705 2105 868 2173 bibendos;

278 2211 309 2268 p.
326 2194 388 2262 ⁶228,
402 2193 454 2250 29:
471 2197 650 2263 qentiauam
667 2195 830 2249 bibendam
845 2195 951 2262 debis;

280 2301 310 2356 p.
327 2283 388 2351 ι235,
406 2282 439 2338 33
457 2299 605 2339 :saccum
620 2285 658 2338 da
679 2285 866 2350 bibendum

246 2473 357 2546 modo
388 2475 507 2569 figura
539 2497 584 2546 ne
617 2471 765 2568 longius
798 2471 1030 2568 anteposita
1058 2470 1130 2543 sit:
1161 2470 1214 2543 sic
1234 2470 1273 2543 in
1304 2433 1367 2544 ad·

241 2605 378 2704 jectiva
428 2607 593 2680 evadunt
638 2593 853 2680 verbovel
887 2608 1123 2677 attrahantur.
1162 2645 1209 2659 -
1246 2608 1369 2676 Debere
1438 2709 1441 2713 1

245 2749 355 2837 atque
383 2753 511 2834 oportet
542 2764 626 2814 cum
649 2739 845 2814 infinitivis
870 2763 936 2837 pro
964 2737 1134 2836 simplice
1161 2737 1284 2812 luturo
1304 2762 1367 2834 po·

245 2881 384 2949 nuntur
399 2899 407 2946 :

280 3095 308 3152 p.
326 3078 369 3146 56,
387 3079 436 3134 ll:
457 3080 509 3133 aad
525 3095 629 3134 ornnes
646 3080 698 3133 bae
714 3081 826 3148 speeies
841 3080 961 3134 mittere
977 3078 1099 3132 debebis
1115 3096 1123 3144 ;

280 3187 310 3243 p.
321 3171 387 3241 lle,
402 3169 437 3226 9:
454 3173 558 3226 atcere
575 3173 749 3226 cicatricem
764 3173 875 3226 ducere
887 3172 1036 3239 oportebit
1051 3189 1058 3237 ;

245 3364 309 3436 sed
329 3387 403 3436 non
418 3363 511 3436 adeo
531 3362 696 3468 ejusdem
720 3362 820 3434 modi
842 3361 953 3434 verba
979 3360 1173 3435 auxiliaria
1188 3358 1369 3457 multipli-

245 3505 386 3586 cantur,
420 3503 459 3571 ut
494 3498 580 3570 inde
609 3485 815 3594 praevideri
852 3495 970 3592 possit
1003 3519 1075 3591 quo
1102 3496 1213 3568 modo
1242 3498 1371 3591 postea

244 3630 407 3703 lutnrum
431 3636 577 3727 tempus
606 3631 911 3724 condicionallsqae
932 3629 1064 3703 modus
1086 3628 1252 3727 expressi
1282 3628 1367 3700 sint.

244 3765 403 3841 Tantum
423 3765 607 3838 maximus
633 3763 734 3837 verbi
757 3762 881 3856 gallici
900 3767 994 3852 faire
1018 3759 1246 3859 conjectatur
1262 3785 1367 3851 nsua,

244 3897 420 3994 verbique
432 3900 552 3990 jubere
568 3897 694 3971 nescio
715 3920 825 3992 quam
843 3897 889 3971 ob
911 3921 1059 3971 eausam
1080 3894 1292 3970 exstinctio.

292 4033 519 4128 Frequenter
534 4030 573 4104 in
591 4030 876 4104 medicinalibus
901 4029 1073 4105 lormulis
1093 4029 1371 4104 confunduntur

244 4165 340 4239 inter
366 4189 405 4238 se
430 4206 479 4220 -
499 4165 675 4266 adea-ut,
705 4164 815 4239 modo
843 4165 1003 4259 quodam
1030 4165 1163 4261 posito,
1187 4149 1371 4238 sententia

244 4298 352 4372 aliter
366 4304 476 4395 atque
491 4299 636 4396 incepta
652 4303 708 4372 est
728 4299 935 4388 claudatur,
952 4341 999 4354 -

254 4409 258 4418 ’
296 4439 330 4504 l⁰
355 4434 598 4531 imperativus
618 4433 950 4531 conjunctivusque
971 4432 1070 4507 modi
1093 4459 1102 4505 ε

279 4649 388 4743 p33lri,
405 4651 436 4706 31
453 4668 459 4706 :
477 4666 570 4719 coque
587 4656 614 4705 et
637 4653 683 4705 bis
702 4653 741 4704 ad
766 4653 848 4704 diem
872 4634 1004 4718 impone,
1020 4648 1073 4702 aed
1093 4651 1163 4700 ante
1175 4645 1250 4698 ciac
1271 4645 1370 4696 vetere

245 4743 344 4795 tecam
360 4739 415 4808 qai
428 4743 587 4796 carendae
600 4747 643 4796 est
659 4742 755 4795 eluas.
