3692 5788
928 661 1150 754 „an--¹

461 860 568 936 illum
588 864 685 937 inter
698 863 822 939 Gallos
837 851 919 936 esse
933 858 1282 933 adnumerandum?
1309 859 1390 939 Non
1412 859 1604 956 equidem

458 995 671 1071 testimonio
706 1004 848 1073 tantum
864 993 1106 1094 praelationis
1134 992 1323 1066 fidendum
1339 1000 1408 1083 est,
1431 993 1580 1090 quaein

458 1129 582 1203 codice
609 1155 683 1205 uno
709 1131 871 1206 omnium
904 1127 1103 1226 superstite
1122 1125 1244 1222 periit,
1275 1151 1409 1224 neque,
1439 1136 1480 1203 ut
1497 1151 1582 1203 vera

458 1263 591 1353 dicam,
611 1265 696 1340 huic
711 1265 929 1352 sentcntiae,
952 1287 986 1360 p.
1011 1265 1195 1349 l80,x1x‚
1218 1265 1231 1332 l
1257 1285 1263 1332 :
1289 1292 1301 1326 r
1328 1265 1415 1335 Nam
1433 1268 1583 1338 Soranus

460 1399 604 1472 medicus
624 1373 790 1494 quenulam
808 1402 958 1472 ducentis
986 1399 1175 1468 hominibus
1195 1399 1252 1468 linc
1267 1379 1377 1470 marla
1393 1400 1582 1474 laboranti·

460 1536 519 1605 buc
533 1536 694 1605 curandis
713 1531 751 1607 in
766 1531 963 1628 Aquitania
982 1556 1015 1603 sc
1030 1533 1168 1621 locauit,
1187 1556 1204 1598 n
1229 1531 1529 1628 quandoquidem
1548 1539 1584 1607 ct

460 1665 583 1741 locum
603 1667 772 1765 praebuit
787 1666 943 1754 Plinius,
966 1689 1032 1739 uec
1052 1665 1246 1762 quicquam
1265 1666 1394 1740 edocet
1410 1688 1476 1740 nos
1493 1667 1585 1742 Mar-

460 1798 596 1876 cellum
618 1825 673 1889 ea,
691 1801 794 1876 velut
812 1802 857 1874 ad
867 1799 1107 1906 ¹Aquitaniam
1124 1799 1341 1896 spectantia,
1360 1798 1582 1876 laudavisse.

461 1937 551 2010 ltem
568 1934 614 2009 de
633 1959 758 2030 sapone
770 1939 909 2023 Gallico,
926 1928 976 2008 ex¹
987 1958 1058 2030 quo
1079 1932 1240 2031 plurima
1257 1933 1422 2008 remedia
1437 1958 1585 2034 compa.

459 2074 611 2160 cuntur,
634 2069 723 2143 ilem
747 2070 792 2143 de
814 2072 1037 2163 «portulaca,
1066 2071 1124 2140 loc
1150 2083 1198 2140 est
1222 2070 1345 2142 attium
1365 2072 1544 2158 Gallicum,
1563 2097 1602 2136 u·

462 2226 540 2300 cup.
565 2227 629 2290 xx,
658 2206 718 2292 39,
742 2227 777 2300 p.
815 2207 898 2288 199,
922 2202 1012 2276 nihil
1033 2201 1329 2276 concludendum
1353 2209 1421 2277 est.
1449 2208 1495 2276 At
1515 2205 1583 2278 hoc

368 2319 371 2326 ¹
461 2343 601 2411 certum
634 2346 689 2411 ast
709 2341 745 2410 el
769 2337 932 2411 lucidum
949 2362 958 2408 t
977 2359 1087 2432 quem
1110 2336 1212 2410 nullo
1237 2337 1274 2409 in
1294 2337 1375 2412 loco
1398 2338 1457 2411 vel
1473 2338 1583 2413 Plinii

460 2471 521 2545 vel
541 2469 724 2545 Scribonii
740 2454 900 2544 laudato*
920 2470 997 2545 ulla
1017 2470 1223 2567 specierum
1244 2471 1488 2546 herbarumve
1508 2473 1583 2546 sin-

460 2603 590 2701 gulari‘
596 2628 679 2680 cum
697 2628 784 2678 cura
799 2604 1025 2692 nominetur,
1040 2604 1236 2680 Marcellus
1251 2575 1536 2702 diligentissime
1549 2613 1586 2681 et

458 2762 588 2835 graeca
603 2738 756 2814 uomina
772 2777 819 2794 ···-
833 2762 926 2834 quae
939 2737 1128 2812 intellectu
1141 2761 1183 2812 eo
1194 2739 1465 2830 lecilicrasunt,
1486 2741 1584 2836 quad

456 2896 587 2970 graeco
610 2895 781 2946 sermone
800 2872 966 2969 plerique
987 2872 1208 2969 scriptorum
1238 2872 1282 2946 de
1305 2874 1489 2948 medicina
1509 2875 1586 2948 dis-

442 3010 654 3112 ‘seruerant
684 3049 732 3062 --
751 3014 787 3079 et
813 3006 945 3102 gallica
965 3006 1382 3104 vocabulasacpissime
1403 3007 1582 3083 laudavit.

461 3142 534 3214 Cur
554 3139 706 3230 Gallica,
736 3140 809 3214 nisi
837 3147 874 3214 et
907 3139 984 3236 ipse
1010 3109 1106 3214 inlar
1135 3139 1294 3215 Gallicos
1323 3142 1584 3216 adolevisset?

461 3275 632 3348 Ceterum
664 3273 947 3369 Aquitaniamne
975 3273 1170 3348 incaluerit
1193 3334 1194 3340 ,
1216 3299 1262 3346 an
1311 3298 1581 3372 quamcumque

460 3408 571 3482 aliam
586 3408 725 3482 Gall-iae
739 3413 895 3505 partem,
911 3410 1014 3504 parvi
1035 3409 1169 3497 ralert3
1193 3410 1261 3483 hoc
1278 3413 1420 3485 tantum
1442 3400 1581 3486 meme-

461 3543 515 3616 ria
527 3550 653 3615 nostra
670 3543 905 3638 dignumst,
925 3543 1022 3614 liunc
1043 3542 1080 3614 in
1097 3566 1139 3614 ea
1154 3541 1293 3615 Galliac
1310 3551 1412 3639 parte
1431 3543 1583 3632 vixisse,

461 3676 522 3750 uhi
543 3683 579 3749 et
607 3675 721 3750 latina
741 3678 838 3750 haud
870 3678 950 3750 sine
983 3678 1142 3773 quadam
1161 3675 1357 3771 elegantia,
1386 3683 1422 3751 et
1445 3678 1583 3752 Gallice

462 3810 568 3905 vulgo
582 3809 840 3906 loquebantur.
858 3811 956 3899 Quae
973 3811 1004 3883 si
1022 3833 1106 3907 pars
1125 3811 1323 3906 Aquitania
1342 3812 1465 3900 luerit,
1481 3837 1582 3909 prae·

462 3944 589 4018 sertim
610 3966 720 4039 quom
741 3943 778 4016 i‘n
799 3945 1025 4042 praefatione
1045 3944 1210 4018 Marcelli
1229 3945 1295 4018 lroc
1314 3945 1361 4018 sit
1390 3947 1583 4020 confirma·

463 4084 555 4164 tum,
574 4078 663 4174 quid
683 4077 843 4153 mirum?

512 4211 702 4286 Tredecim
723 4210 769 4284 ad
784 4191 966 4286 summam
981 4212 1119 4286 Gallica
1132 4211 1204 4306 legi
1220 4218 1375 4309 possunt
1388 4214 1581 4306 vocabula,

464 4345 627 4456 scilicet:

481 4542 624 4676 lneque?
637 4553 747 4674 rqxvur,
764 4541 807 4609 50,
826 4557 855 4613 p.
871 4539 934 4596 299.
953 4559 965 4590 α
982 4541 1133 4595 subvenit
1147 4543 1211 4595 avia
1224 4539 1449 4612 qaterltaquae
1462 4541 1581 4604 Gallice

461 4637 534 4676 anu
559 4637 577 4676 Β
615 4637 747 4675 tetur.)

495 4701 625 4765 Basilia,
641 4711 752 4765 xxx1rt,
768 4699 812 4766 63,
829 4718 859 4772 p.
876 4699 939 4756 347.
958 4721 970 4751 c
986 4703 1088 4755 Herba
1102 4707 1156 4770 eat,
1177 4718 1253 4770 qaae
1269 4703 1380 4757 Graece
1397 4709 1577 4774 nymphaea.

461 4782 568 4834 Latina
584 4783 666 4834 claua
681 4779 831 4847 Herculis,
844 4780 962 4836 Gallica
978 4779 1090 4837 baditls
1106 4784 1284 4850 appellatur.
1302 4797 1317 4834 a
