3692 5788
923 656 1117 726 ...12-

450 841 525 909 tur.
547 835 666 909 Facile
687 837 802 910 lateor
822 834 991 931 equidem
1005 834 1043 908 in
1072 833 1192 929 longis
1206 836 1367 931 capitum
1385 837 1502 913 titulis
1523 865 1579 914 re-

452 971 564 1069 periri
582 995 689 1068 posse
710 972 746 1044 id
762 995 834 1068 quo
855 971 986 1066 cuique
1006 993 1096 1064 opus
1119 969 1165 1042 sit
1187 988 1196 1057 ;
1220 976 1256 1043 at
1276 972 1313 1044 in
1336 972 1445 1069 longa
1461 999 1578 1049 reme-

451 1106 595 1180 diorum
624 1106 756 1202 pagina
777 1107 903 1179 omnia
923 1105 1060 1203 pariter
1086 1104 1229 1204 prolata
1251 1114 1335 1181 sunt
1369 1108 1578 1207 pariterque

450 1242 719 1331 commendata,
744 1242 836 1314 adeo
867 1247 918 1326 ut,
956 1239 1051 1313 sicut
1081 1239 1183 1314 nulla
1228 1241 1294 1315 luit
1313 1244 1501 1340 junctura,
1528 1247 1579 1320 ita

452 1376 578 1452 nullus
603 1377 695 1450 ordo
723 1382 911 1474 appareat.

501 1511 580 1599 Quo
599 1510 712 1607 igitur
726 1517 832 1608 paeto
849 1534 887 1583 se
911 1534 992 1583 cum
1011 1507 1206 1584 meliorum
1225 1483 1435 1608 temporum
1450 1513 1575 1588 elocu-

452 1647 552 1723 tione
568 1687 616 1702 —·-
645 1643 738 1718 lorte
757 1650 820 1718 aut
839 1643 1010 1720 consulto
1037 1646 1451 1737 -accommodaverit,
1479 1646 1579 1723 infra
1637 1627 1643 1636 ¹

453 1780 686 1865 confirmare,
725 1779 846 1875 quoad
880 1775 1096 1877 poterimus,
1127 1779 1366 1870 conabimur;
1393 1782 1471 1879 jam
1508 1783 1578 1859 hoc

453 1916 614 1991 libenter
633 1912 917 2000 asseruerimus,
939 1935 1013 1987 non
1034 1913 1085 1987 ita
1100 1887 1311 2011 discrepare
1324 1939 1417 2011 quae
1432 1917 1578 2014 scripsit

453 2040 545 2148 lpse,
568 2072 651 2122 cum
665 2047 815 2121 iislocis
832 2070 923 2143 quos
934 2051 1124 2119 mutuatus
1145 2052 1201 2120 est
1220 2046 1265 2121 ab
1288 2047 1575 2144 antiquioribus,

401 2175 404 2179 ’
454 2208 521 2258 nec
534 2183 800 2257 sententiarum
814 2180 1071 2277 dispositione,
1094 2204 1161 2255 nec
1182 2181 1577 2267 ‘declinationererbo-
1683 2240 1688 2254 .

453 2344 536 2394 rum
546 2323 607 2392 aut
620 2316 825 2406 nominum,
838 2340 906 2388 nec
918 2314 1129 2389 totiuslibri
1143 2316 1288 2390 ordine.
1301 2317 1388 2391 lllos
1398 2325 1576 2414 quantum

454 2453 575 2552 potuit
595 2455 743 2526 secutus
764 2457 832 2524 est.
854 2451 991 2524 Tamen
1006 2451 1187 2525 nonnulla
1205 2451 1243 2525 in
1260 2451 1355 2526 libro
1373 2455 1412 2524 de
1431 2455 1577 2526 Medico-

453 2591 576 2660 mcntis
594 2585 757 2683 reperias
776 2609 868 2681 quae
889 2585 1104 2658 Marcellum
1121 2595 1156 2660 et
1174 2586 1320 2660 Gallum
1341 2593 1377 2661 et
1393 2586 1574 2662 Christia-

454 2736 557 2811 num,
574 2727 609 2794 et
625 2745 662 2793 rv
677 2745 712 2817 p.
730 2720 815 2794 Chr.
844 2721 980 2794 saeculi
1009 2721 1128 2793 virum
1146 2745 1320 2818 expresse
1343 2723 1573 2797 denuntient.

504 2851 753 2944 Christianum
781 2854 895 2928 luisse
908 2854 1122 2930 Marcellum
1140 2855 1302 2951 plurima
1321 2857 1577 2932 demonstrant

453 2990 609 3063 indicia:
641 2990 814 3086 primum,
835 2991 865 3082 si
890 3014 1016 3064 revera
1038 2991 1212 3086 magister
1231 2991 1435 3065 ciliciorum
1461 2994 1575 3066 Theo-

454 3128 549 3201 dosii
569 3128 691 3224 Magni
723 3128 853 3213 luerat,
877 3151 951 3200 non
967 3127 1211 3201 dubitandum
1236 3134 1292 3202 est
1312 3128 1415 3224 quin¹
1432 3152 1565 3203 novam

453 3263 600 3337 secutus
616 3263 664 3336 sit
677 3262 915 3359 religionem;
931 3286 1089 3358 namque
1105 3263 1311 3337 etmaxime
1323 3264 1389 3336 luit
1403 3265 1573 3362 princeps

353 3451 357 3459 .
454 3397 518 3470 ille
537 3398 575 3472 in
595 3420 756 3494 paganos
782 3396 948 3470 infensus
966 3425 976 3485 ς
999 3402 1035 3471 et
1063 3397 1101 3470 in
1121 3397 1202 3471 cod.
1225 3398 1364 3471 Theod.
1385 3424 1433 3484 vr,
1458 3403 1516 3488 19,
1535 3405 1570 3490 8,

454 3557 527 3622 xvr,
555 3537 610 3620 15,
628 3536 687 3620 29,
707 3530 852 3629 publice
865 3532 1086 3606 commissus
1100 3537 1154 3604 est
1170 3532 1364 3606 Marcellus
1378 3535 1439 3607 611.
1459 3537 1571 3630 mag.¹

454 3657 496 3730 ad
529 3657 807 3754 «pugnandum
833 3658 1200 3753 persequendumque
1228 3657 1361 3733 veteris
1377 3659 1570 3756 religionis

455 3790 548 3863 lidos
569 3796 781 3864 sectatores.
813 3816 830 3859 6
855 3791 947 3863 Tum
964 3790 1002 3863 in
1018 3789 1342 3887 pr‘aefationehaec
1363 3793 1453 3866 satis
1474 3794 1573 3867 clara

416 4001 419 4010 ,
454 3930 569 3996 sunt:
608 3925 782 3996 «...Fitii
813 3926 1016 4013 dulcissimi,
1041 3949 1102 4017 pm
1132 3929 1326 3997 necessitate
1357 3930 1572 4020 infirmitatis

452 4060 620 4130 hamunde
630 4062 825 4150 piissimum
839 4062 941 4145 616661,
963 4084 1063 4130 orons
1073 4064 1225 4152 primum
1246 4060 1409 4134 divinam
1431 4062 1572 4136 miseri·

451 4191 1568 4287 cordiamneuodisvestm'squeempericndi'dujuslibelli'neeessitus

484 4457 492 4489 ¹
520 4455 651 4512 Praeerat
675 4454 805 4524 Magister
823 4454 988 4511 officiorum
1011 4457 1181 4511 scolaribus
1206 4456 1252 4513 vel
1277 4457 1439 4515 custodibus
1459 4459 1566 4530 palatii.

446 4549 551 4590 exuvru
572 4537 692 4602 scribis,
719 4535 907 4606 plurimisque
929 4539 1092 4603 apsntibus
1113 4539 1145 4590 in
1166 4538 1270 4605 rebus,
1291 4539 1340 4608 qui
1366 4539 1501 4608 epistulas
1520 4541 1567 4598 vet

446 4613 523 4686 leges
538 4616 741 4686 imperatorum
752 4616 782 4672 in
795 4616 956 4686 provincias
966 4616 1138 4674 deserebant.
1153 4617 1226 4675 Huic
1236 4618 1337 4674 titulus
1350 4624 1410 4676 erat
1425 4623 1566 4691 illustris,

447 4695 719 4766 partesqueeasdum
731 4697 839 4767 agebat,
861 4711 932 4767 quas
946 4697 1022 4766 apud
1037 4712 1088 4753 nos
1100 4696 1140 4752 iili
1156 4699 1205 4768 qui
1220 4702 1400 4754 canceltarii
1414 4701 1560 4760 dicuntur.

445 4775 488 4834 Gt.
504 4776 653 4831 Notitiam
667 4779 859 4845 dipnitatum
870 4783 897 4834 et
912 4780 1219 4834 administrationum
1233 4783 1383 4849 omnium,
1403 4784 1456 4838 616.
