3706 5748
914 625 1109 694 ...88-

373 811 382 822 ’
445 797 566 870 solum
581 799 864 893 pronominibus
877 824 967 876 usus
982 803 1049 886 est,
1066 795 1130 868 sed
1146 795 1257 870 etiem
1273 801 1309 869 et
1330 797 1404 870 lere
1423 797 1570 892 saepius

447 930 746 1004 demonstrativis
773 935 972 1008 adverbiis
994 933 1059 1004 llis
1086 937 1208 1006 autem
1242 955 1315 1003 non
1337 948 1488 1004 casuum
1503 955 1570 1004 nec

445 1087 619 1158 generum
642 1090 708 1138 uec
729 1091 968 1142 numerorum
983 1065 1137 1162 specieS,
1159 1065 1224 1137 sed
1239 1089 1363 1140 rerum
1377 1073 1485 1138 antea
1498 1066 1571 1137 dic·

446 1201 567 1272 tarum
582 1201 686 1296 quasi
701 1201 858 1298 simplex
887 1201 1115 1276 referebatur
1130 1197 1322 1300 memoria.

496 1442 600 1517 Nunc
627 1446 737 1518 tertia
764 1470 823 1518 res
854 1445 1104 1541 recognitione
1129 1445 1242 1542 digna
1277 1448 1346 1530 est,
1378 1464 1488 1536 quom
1505 1439 1571 1513 ille

411 1659 414 1662 ,
448 1599 637 1672 nunquam
650 1582 701 1636 '—
717 1581 815 1675 quod
827 1579 957 1676 gallice
973 1581 1107 1656 dicitur
1118 1573 1305 1652 attroctioo
1324 1617 1371 1630 —
1387 1598 1493 1648 casus
1504 1597 1571 1647 neo

448 1732 583 1805 genera
605 1735 671 1784 nec
692 1695 1093 1801 numerosmutaverit,
1130 1710 1383 1786 observandae
1418 1708 1572 1782 studens

452 1845 566 1918 menti
583 1841 704 1942 potius
727 1865 836 1936 quem
857 1843 1141 1937 grammaticae:

486 2087 514 2142 p.
531 2069 576 2138 10,
592 2068 626 2124 98
642 2071 703 2124 :ad
720 2069 905 2136 vertiqz'uem
921 2069 1044 2134 capitio,
1069 2081 1163 2138 quam
1180 2067 1287 2122 Graeci
1307 2069 1438 2122 scotoma
1454 2071 1574 2120 uocant.
1594 2139 1597 2144 Ι

486 2177 515 2232 p.
533 2159 578 2226 49,
595 2159 629 2213 ‘25
646 2175 652 2214 :
670 2173 739 2226 cepe
756 2160 892 2224 toppum,
910 2153 994 2228 qdod
1011 2157 1151 2224 ceputius
1167 2159 1360 2212 nominatur.

489 2266 518 2321 p.
535 2249 580 2316 97,
598 2248 629 2302 tu
646 2263 652 2301 :
671 2253 699 2301 et
715 2249 790 2314 quia
812 2261 932 2315 semper
953 2247 1041 2301 acida
1060 2249 1136 2299 uuirt
1153 2243 1267 2318 (mole),
1284 2248 1374 2300 rhoea
1395 2248 1478 2300 oxias
1495 2243 1574 2299 haec

452 2339 562 2397 Graeci
578 2339 701 2404 dicunt.

487 2443 517 2498 p.
536 2427 598 2495 117,
614 2425 652 2479 5:
674 2441 782 2478 zonam
798 2440 891 2497 quam
908 2425 1017 2479 Graeci
1032 2428 1154 2494 herpcta
1171 2427 1289 2480 dicunt.

484 2533 513 2589 p.
533 2515 593 2584 tau,
611 2515 647 2570 3:
673 2520 839 2582 peretrum,
857 2513 888 2568 id
904 2521 947 2569 est
963 2517 1086 2583 bulbus,
1103 2514 1188 2588 quod
1202 2521 1247 2570 est
1263 2531 1361 2584 pauno
1374 2487 1473 2586 cepae.
1542 2562 1555 2603 ι

453 2736 583 2834 llajori
609 2735 692 2809 usui
714 2735 754 2806 ut
774 2740 946 2817 neutrum
976 2763 1091 2835 genus
1108 2734 1132 2828 ⁴,
1151 2741 1264 2836 prout
1280 2760 1402 2810 sermo
1420 2737 1580 2812 senescit

453 2870 793 2969 philosophicisque
813 2871 929 2966 magis
950 2871 1183 2946 adulteratur
1197 2870 1331 2944 verbis.
1355 2871 1468 2944 Porro
1484 2897 1578 2948 nuu-

454 3027 563 3100 quam
597 3005 694 3098 apud
714 3028 781 3077 uos
801 3005 859 3078 vel
888 3006 1019 3079 saltem
1043 3007 1231 3078 rarissime
1247 3006 1408 3079 variatur
1428 3004 1576 3102 adjecti·

376 3159 379 3162 ·
455 3163 541 3212 vum
561 3145 624 3212 aut
649 3143 854 3237 pronomen
876 3165 963 3237 prae
987 3141 1142 3215 articulo
1162 3165 1203 3213 ac
1226 3141 1374 3214 nomine
1389 3140 1574 3236 positum:

894 3377 935 3415 vu
952 3365 994 3416 lea
1013 3364 1141 3428 decreta,

809 3469 863 3536 pai
878 3484 920 3521 vu
937 3469 979 3522 les
996 3469 1122 3538 decreto,
1137 3472 1195 3524 etc.
1212 3484 1218 3521 :

454 3719 575 3769 sermo
595 3697 641 3768 ad
661 3696 901 3791 loquendum,
933 3723 1007 3770 non
1033 3700 1077 3771 ad
1096 3699 1333 3773 scribendum
1364 3703 1471 3773 natus
1492 3699 1575 3772 nul-

453 3829 527 3902 lam
543 3828 611 3904 nisi
627 3838 734 3904 antea
757 3832 939 3906 dictorum
955 3832 1220 3906 vocabulorum
1237 3839 1359 3906 servat
1378 3832 1572 3906 rationem.
1633 3867 1640 3878 ·

454 3965 645 4051 Quomodo
665 3965 777 4060 igitur
800 3967 902 4064 prius
919 3974 1081 4040 mutetur
1095 3969 1249 4064 aliquid,
1273 3993 1382 4064 quam
1405 3969 1573 4040 mutatio-

452 4099 508 4172 nis
523 4124 633 4173 causa
645 4100 791 4194 cognita
805 4101 874 4172 sit?
885 4103 1021 4198 Nempe
1035 4127 1204 4175 sermone
1214 4102 1410 4174 Marcellus
1423 4101 1570 4174 locutus

486 4371 495 4403 ¹
512 4367 553 4426 Cl.
570 4367 694 4424 salvian.
708 4369 800 4438 (gente
819 4367 942 4432 Gallum,
959 4369 1148 4440 Marcelloque
1162 4375 1250 4426 aetate
1270 4371 1354 4440 paulo
1365 4371 1572 4442 recentiorem),

451 4451 525 4503 Gneo.
545 4449 654 4512 u..1V‚
670 4448 711 4503 ll,
730 4448 763 4505 63
781 4463 787 4501 :
805 4469 816 4498 r
834 4451 949 4515 lujustt'
965 4457 1039 4502 surrt
1063 4453 1204 4510 tao-ocri,
1222 4457 1248 4503 et
1270 4467 1323 4503 nos
1341 4453 1393 4506 huc
1409 4469 1540 4515 sumrts;
1559 4472 1572 4500 »

451 4527 553 4597 gallice
568 4543 574 4578 :
598 4548 608 4576 r
626 4528 708 4583 Nous
724 4527 750 4582 le
765 4543 906 4580 sommas.
924 4547 934 4576 u
953 4528 1042 4594 Quam
1057 4530 1092 4583 ob
1109 4544 1168 4584 rem
1184 4529 1361 4585 doctissimus
1375 4530 1420 4585 vir
1435 4531 1467 4586 G.
1494 4532 1574 4586 Bois·

453 4610 510 4662 sier
524 4608 554 4662 in
566 4607 728 4678 hujusmodi
743 4607 830 4662 latino
855 4621 984 4663 sermone
1004 4609 1142 4664 Gallicum
1161 4624 1318 4665 sermonem
1332 4611 1392 4680 jam
1410 4611 1489 4668 nasci
1515 4612 1576 4667 eui·
1650 4663 1658 4682 ,

455 4687 607 4743 madvertit
623 4687 694 4758 (Flo
710 4689 754 4741 du
769 4688 962 4756 Papauisme,
978 4692 998 4743 t.
1011 4689 1047 4756 ll,
1062 4702 1089 4758 p.
1107 4689 1235 4761 11911).
