<?xml version="1.0" encoding="UTF-8"?>
<!DOCTYPE html PUBLIC "-//W3C//DTD XHTML 1.0 Transitional//EN"
    "http://www.w3.org/TR/xhtml1/DTD/xhtml1-transitional.dtd">
<html xmlns="http://www.w3.org/1999/xhtml" xml:lang="en" lang="en">
 <head>
  <title>
</title>
<meta http-equiv="Content-Type" content="text/html;charset=utf-8" />
  <meta name='ocr-system' content='tesseract 3.04.00' />
  <meta name='ocr-capabilities' content='ocr_page ocr_carea ocr_par ocr_line ocrx_word'/>
</head>
<body>
  <div class='ocr_page' id='page_1' title='image "./delatinitatemar00chabgoog_0137.png"; bbox 0 0 3706 5748; ppageno 0'>
   <div class='ocr_carea' id='block_1_1' title="bbox 969 643 1189 713">
    <p class='ocr_par' dir='ltr' id='par_1_1' title="bbox 969 643 1189 713">
     <span class='ocr_line' id='line_1_1' title="bbox 969 643 1189 713; baseline -0.009 0"><span class='ocrx_word' id='word_1_1' title='bbox 969 643 1189 713; x_wconf 87' lang='lat' dir='ltr'>-ll8—</span> 
     </span>
    </p>
   </div>
   <div class='ocr_carea' id='block_1_2' title="bbox 518 820 1647 1454">
    <p class='ocr_par' dir='ltr' id='par_1_2' title="bbox 564 820 1540 920">
     <span class='ocr_line' id='line_1_2' title="bbox 564 820 1540 920; baseline -0.006 -22"><span class='ocrx_word' id='word_1_2' title='bbox 564 829 615 898; x_wconf 86' lang='lat' dir='ltr'>Ex</span> <span class='ocrx_word' id='word_1_3' title='bbox 645 825 779 920; x_wconf 91' lang='lat' dir='ltr'>quibus</span> <span class='ocrx_word' id='word_1_4' title='bbox 807 823 897 894; x_wconf 91' lang='lat' dir='ltr'>locis</span> <span class='ocrx_word' id='word_1_5' title='bbox 923 821 1067 894; x_wconf 83' lang='lat' dir='ltr'>collatis</span> <span class='ocrx_word' id='word_1_6' title='bbox 1095 829 1247 916; x_wconf 86' lang='lat' dir='ltr'>apparet</span> <span class='ocrx_word' id='word_1_7' title='bbox 1273 820 1402 892; x_wconf 88' lang='lat' dir='ltr'>eadem</span> <span class='ocrx_word' id='word_1_8' title='bbox 1431 843 1540 894; x_wconf 89' lang='lat' dir='ltr'>esse:</span> 
     </span>
    </p>

    <p class='ocr_par' dir='ltr' id='par_1_3' title="bbox 570 955 1565 1050">
     <span class='ocr_line' id='line_1_3' title="bbox 570 955 1565 1050; baseline -0.004 -19"><span class='ocrx_word' id='word_1_9' title='bbox 570 969 603 1031; x_wconf 89' lang='lat' dir='ltr'>l⁰</span> <span class='ocrx_word' id='word_1_10' title='bbox 625 961 790 1032; x_wconf 90' lang='lat' dir='ltr'>dativum</span> <span class='ocrx_word' id='word_1_11' title='bbox 813 960 974 1028; x_wconf 83' lang='lat' dir='ltr'>commodi</span> <span class='ocrx_word' id='word_1_12' title='bbox 992 959 1100 1050; x_wconf 89' lang='lat' dir='ltr'>atque</span> <span class='ocrx_word' id='word_1_13' title='bbox 1121 955 1370 1027; x_wconf 79' lang='lat' dir='ltr'><strong>accusativum</strong></span> <span class='ocrx_word' id='word_1_14' title='bbox 1394 979 1477 1028; x_wconf 92' lang='lat' dir='ltr'>cum</span> <span class='ocrx_word' id='word_1_15' title='bbox 1497 958 1565 1043; x_wconf 87' lang='lat' dir='ltr'>ud,·</span> 
     </span>
    </p>

    <p class='ocr_par' dir='ltr' id='par_1_4' title="bbox 518 1087 1647 1454">
     <span class='ocr_line' id='line_1_4' title="bbox 567 1087 1647 1196; baseline -0.002 -32"><span class='ocrx_word' id='word_1_16' title='bbox 567 1097 602 1164; x_wconf 73' lang='lat'>2⁰</span> <span class='ocrx_word' id='word_1_17' title='bbox 623 1091 805 1189; x_wconf 80' lang='lat' dir='ltr'>pluralem</span> <span class='ocrx_word' id='word_1_18' title='bbox 823 1099 856 1161; x_wconf 87' lang='lat' dir='ltr'>et</span> <span class='ocrx_word' id='word_1_19' title='bbox 872 1087 1096 1182; x_wconf 78' lang='lat' dir='ltr'>singularem</span> <span class='ocrx_word' id='word_1_20' title='bbox 1111 1111 1306 1160; x_wconf 88' lang='lat' dir='ltr'>numerum</span> <span class='ocrx_word' id='word_1_21' title='bbox 1320 1087 1357 1160; x_wconf 91' lang='lat' dir='ltr'>in</span> <span class='ocrx_word' id='word_1_22' title='bbox 1375 1089 1543 1184; x_wconf 85' lang='lat' dir='ltr'>genetivo</span> <span class='ocrx_word' id='word_1_23' title='bbox 1559 1093 1647 1196; x_wconf 77' lang='lat' dir='ltr'>post</span> 
     </span>
     <span class='ocr_line' id='line_1_5' title="bbox 518 1221 1295 1320; baseline -0.009 -20"><span class='ocrx_word' id='word_1_24' title='bbox 518 1225 790 1302; x_wconf 88' lang='lat' dir='ltr'>substantivum</span> <span class='ocrx_word' id='word_1_25' title='bbox 814 1224 998 1320; x_wconf 80' lang='lat' dir='ltr'>quoddam</span> <span class='ocrx_word' id='word_1_26' title='bbox 1020 1223 1057 1294; x_wconf 90' lang='lat' dir='ltr'>in</span> <span class='ocrx_word' id='word_1_27' title='bbox 1086 1221 1265 1317; x_wconf 81' lang='lat' dir='ltr'>singulari</span> <span class='ocrx_word' id='word_1_28' title='bbox 1285 1249 1295 1310; x_wconf 82' lang='lat'>3</span> 
     </span>
     <span class='ocr_line' id='line_1_6' title="bbox 518 1356 1645 1454; baseline -0.003 -20"><span class='ocrx_word' id='word_1_29' title='bbox 518 1413 521 1418; x_wconf 91' lang='lat'>-</span> <span class='ocrx_word' id='word_1_30' title='bbox 566 1366 602 1434; x_wconf 83' lang='grc' dir='ltr'>3ο</span> <span class='ocrx_word' id='word_1_31' title='bbox 616 1361 781 1434; x_wconf 83' lang='lat' dir='ltr'>futurum</span> <span class='ocrx_word' id='word_1_32' title='bbox 801 1357 959 1432; x_wconf 85' lang='lat' dir='ltr'>activum</span> <span class='ocrx_word' id='word_1_33' title='bbox 993 1363 1028 1430; x_wconf 91' lang='lat' dir='ltr'>et</span> <span class='ocrx_word' id='word_1_34' title='bbox 1050 1380 1226 1453; x_wconf 87' lang='lat' dir='ltr'>praesens</span> <span class='ocrx_word' id='word_1_35' title='bbox 1247 1356 1436 1454; x_wconf 89' lang='lat' dir='ltr'>passivum</span> <span class='ocrx_word' id='word_1_36' title='bbox 1463 1357 1502 1430; x_wconf 90' lang='lat' dir='ltr'>in</span> <span class='ocrx_word' id='word_1_37' title='bbox 1523 1359 1645 1431; x_wconf 90' lang='lat' dir='ltr'>medi-</span> 
     </span>
    </p>
   </div>
   <div class='ocr_carea' id='block_1_3' title="bbox 496 1493 837 1580">
    <p class='ocr_par' dir='ltr' id='par_1_5' title="bbox 496 1493 837 1580">
     <span class='ocr_line' id='line_1_7' title="bbox 496 1493 837 1580; baseline -0.006 -12"><span class='ocrx_word' id='word_1_38' title='bbox 496 1545 497 1548; x_wconf 56' lang='lat'><em>=</em></span> <span class='ocrx_word' id='word_1_39' title='bbox 519 1495 629 1568; x_wconf 91' lang='lat' dir='ltr'>cinali</span> <span class='ocrx_word' id='word_1_40' title='bbox 649 1493 811 1566; x_wconf 84' lang='lat' dir='ltr'>formula</span> <span class='ocrx_word' id='word_1_41' title='bbox 828 1515 837 1580; x_wconf 92' lang='lat'>;</span> 
     </span>
    </p>
   </div>
   <div class='ocr_carea' id='block_1_4' title="bbox 453 1626 1652 4811">
    <p class='ocr_par' dir='ltr' id='par_1_6' title="bbox 571 1626 1448 1724">
     <span class='ocr_line' id='line_1_8' title="bbox 571 1626 1448 1724; baseline -0.005 -23"><span class='ocrx_word' id='word_1_42' title='bbox 571 1635 605 1701; x_wconf 70' lang='lat'>4⁰</span> <span class='ocrx_word' id='word_1_43' title='bbox 626 1628 789 1700; x_wconf 87' lang='lat' dir='ltr'>loturum</span> <span class='ocrx_word' id='word_1_44' title='bbox 806 1627 967 1724; x_wconf 84' lang='lat' dir='ltr'>simplex</span> <span class='ocrx_word' id='word_1_45' title='bbox 982 1633 1017 1699; x_wconf 92' lang='lat' dir='ltr'>et</span> <span class='ocrx_word' id='word_1_46' title='bbox 1033 1626 1142 1722; x_wconf 91' lang='lat' dir='ltr'>paulo</span> <span class='ocrx_word' id='word_1_47' title='bbox 1160 1631 1239 1722; x_wconf 89' lang='lat' dir='ltr'>post</span> <span class='ocrx_word' id='word_1_48' title='bbox 1256 1626 1421 1700; x_wconf 84' lang='lat' dir='ltr'>futurum</span> <span class='ocrx_word' id='word_1_49' title='bbox 1438 1653 1448 1714; x_wconf 89' lang='lat'>;</span> 
     </span>
    </p>

    <p class='ocr_par' dir='ltr' id='par_1_7' title="bbox 571 1759 1113 1854">
     <span class='ocr_line' id='line_1_9' title="bbox 571 1759 1113 1854; baseline -0.009 -17"><span class='ocrx_word' id='word_1_50' title='bbox 571 1769 607 1837; x_wconf 84' lang='lat'>5⁰</span> <span class='ocrx_word' id='word_1_51' title='bbox 619 1759 955 1854; x_wconf 70' lang='lat' dir='ltr'>comprehenderc&#39;et</span> <span class='ocrx_word' id='word_1_52' title='bbox 973 1766 1017 1834; x_wconf 88' lang='lat' dir='ltr'>tol</span> <span class='ocrx_word' id='word_1_53' title='bbox 1022 1765 1088 1834; x_wconf 86' lang='lat' dir='ltr'>lere</span> <span class='ocrx_word' id='word_1_54' title='bbox 1102 1794 1113 1841; x_wconf 91' lang='lat'>‚·</span> 
     </span>
    </p>

    <p class='ocr_par' dir='ltr' id='par_1_8' title="bbox 570 1896 1643 1990">
     <span class='ocr_line' id='line_1_10' title="bbox 570 1896 1643 1990; baseline 0.001 -21"><span class='ocrx_word' id='word_1_55' title='bbox 570 1901 606 1969; x_wconf 77' lang='lat'>6⁰</span> <span class='ocrx_word' id='word_1_56' title='bbox 620 1921 680 1990; x_wconf 85' lang='lat' dir='ltr'>per</span> <span class='ocrx_word' id='word_1_57' title='bbox 705 1899 775 1966; x_wconf 81' lang='lat' dir='ltr'>dier</span> <span class='ocrx_word' id='word_1_58' title='bbox 791 1909 913 1987; x_wconf 83' lang='lat' dir='ltr'>septem</span> <span class='ocrx_word' id='word_1_59' title='bbox 928 1901 1101 1968; x_wconf 76' lang='lat' dir='ltr'>continuos</span> <span class='ocrx_word' id='word_1_60' title='bbox 1122 1905 1156 1969; x_wconf 90' lang='lat' dir='ltr'>et</span> <span class='ocrx_word' id='word_1_61' title='bbox 1172 1899 1286 1968; x_wconf 75' lang='lat' dir='ltr'>diebus</span> <span class='ocrx_word' id='word_1_62' title='bbox 1305 1896 1430 1989; x_wconf 75' lang='lat' dir='ltr'>septem</span> <span class='ocrx_word' id='word_1_63' title='bbox 1449 1901 1643 1983; x_wconf 56' lang='lat' dir='ltr'>continuem·</span> 
     </span>
    </p>

    <p class='ocr_par' dir='ltr' id='par_1_9' title="bbox 483 2033 1645 2266">
     <span class='ocr_line' id='line_1_11' title="bbox 572 2033 1322 2103; baseline -0.004 0"><span class='ocrx_word' id='word_1_64' title='bbox 572 2039 608 2103; x_wconf 85' lang='lat'>7⁰</span> <span class='ocrx_word' id='word_1_65' title='bbox 622 2055 748 2103; x_wconf 82' lang='lat' dir='ltr'>necesso</span> <span class='ocrx_word' id='word_1_66' title='bbox 767 2041 816 2100; x_wconf 82' lang='lat' dir='ltr'>erl</span> <span class='ocrx_word' id='word_1_67' title='bbox 842 2044 879 2102; x_wconf 84' lang='lat' dir='ltr'>ut</span> <span class='ocrx_word' id='word_1_68' title='bbox 902 2033 1048 2102; x_wconf 85' lang='lat' dir='ltr'>ambulet</span> <span class='ocrx_word' id='word_1_69' title='bbox 1072 2037 1108 2102; x_wconf 91' lang='lat' dir='ltr'>et</span> <span class='ocrx_word' id='word_1_70' title='bbox 1130 2033 1322 2102; x_wconf 75' lang='lat' dir='ltr'>sonabitur.</span> 
     </span>
     <span class='ocr_line' id='line_1_12' title="bbox 483 2163 1645 2266; baseline 0.001 -28"><span class='ocrx_word' id='word_1_71' title='bbox 483 2197 484 2204; x_wconf 46' lang='lat'>¹</span> <span class='ocrx_word' id='word_1_72' title='bbox 548 2257 549 2266; x_wconf 8' lang='grc' dir='ltr'>ἵ</span> <span class='ocrx_word' id='word_1_73' title='bbox 573 2166 628 2238; x_wconf 86' lang='lat' dir='ltr'>Ad</span> <span class='ocrx_word' id='word_1_74' title='bbox 647 2166 729 2250; x_wconf 73' lang='lat' dir='ltr'>hoc,</span> <span class='ocrx_word' id='word_1_75' title='bbox 761 2164 797 2234; x_wconf 91' lang='lat' dir='ltr'>in</span> <span class='ocrx_word' id='word_1_76' title='bbox 819 2164 937 2260; x_wconf 90' lang='lat' dir='ltr'>prima</span> <span class='ocrx_word' id='word_1_77' title='bbox 965 2163 1146 2236; x_wconf 88' lang='lat' dir='ltr'>sententia</span> <span class='ocrx_word' id='word_1_78' title='bbox 1173 2163 1362 2238; x_wconf 81' lang='lat' dir='ltr'>remissior</span> <span class='ocrx_word' id='word_1_79' title='bbox 1395 2164 1476 2238; x_wconf 88' lang='lat' dir='ltr'>tluit</span> <span class='ocrx_word' id='word_1_80' title='bbox 1506 2189 1645 2254; x_wconf 90' lang='lat' dir='ltr'>sermo,</span> 
     </span>
    </p>

    <p class='ocr_par' dir='ltr' id='par_1_10' title="bbox 526 2297 1650 2528">
     <span class='ocr_line' id='line_1_13' title="bbox 527 2297 1650 2394; baseline 0 -22"><span class='ocrx_word' id='word_1_81' title='bbox 527 2299 683 2372; x_wconf 88' lang='lat' dir='ltr'>dillusus</span> <span class='ocrx_word' id='word_1_82' title='bbox 702 2305 812 2392; x_wconf 88' lang='lat' dir='ltr'>atque</span> <span class='ocrx_word' id='word_1_83' title='bbox 830 2298 1037 2384; x_wconf 91' lang='lat' dir='ltr'>abundans,</span> <span class='ocrx_word' id='word_1_84' title='bbox 1057 2321 1123 2369; x_wconf 90' lang='lat' dir='ltr'>nec</span> <span class='ocrx_word' id='word_1_85' title='bbox 1142 2303 1266 2369; x_wconf 90' lang='lat' dir='ltr'>tamen</span> <span class='ocrx_word' id='word_1_86' title='bbox 1281 2297 1389 2394; x_wconf 91' lang='lat' dir='ltr'>plura</span> <span class='ocrx_word' id='word_1_87' title='bbox 1404 2298 1442 2369; x_wconf 93' lang='lat' dir='ltr'>in</span> <span class='ocrx_word' id='word_1_88' title='bbox 1463 2299 1650 2372; x_wconf 88' lang='lat' dir='ltr'>sententia</span> 
     </span>
     <span class='ocr_line' id='line_1_14' title="bbox 526 2431 1647 2528; baseline -0.002 -20"><span class='ocrx_word' id='word_1_89' title='bbox 526 2433 671 2508; x_wconf 88' lang='lat' dir='ltr'>inclusa</span> <span class='ocrx_word' id='word_1_90' title='bbox 691 2441 789 2521; x_wconf 86' lang='lat' dir='ltr'>sunt,</span> <span class='ocrx_word' id='word_1_91' title='bbox 814 2433 904 2525; x_wconf 85' lang='lat' dir='ltr'>adeo</span> <span class='ocrx_word' id='word_1_92' title='bbox 926 2437 962 2504; x_wconf 89' lang='lat' dir='ltr'>ut</span> <span class='ocrx_word' id='word_1_93' title='bbox 984 2431 1095 2528; x_wconf 92' lang='lat' dir='ltr'>plane</span> <span class='ocrx_word' id='word_1_94' title='bbox 1116 2437 1271 2520; x_wconf 82' lang='lat' dir='ltr'>constet,</span> <span class='ocrx_word' id='word_1_95' title='bbox 1293 2457 1411 2528; x_wconf 88' lang='lat' dir='ltr'>neque</span> <span class='ocrx_word' id='word_1_96' title='bbox 1434 2433 1485 2506; x_wconf 93' lang='lat' dir='ltr'>ibi</span> <span class='ocrx_word' id='word_1_97' title='bbox 1507 2433 1647 2521; x_wconf 88' lang='lat' dir='ltr'>solum,</span> 
     </span>
    </p>

    <p class='ocr_par' dir='ltr' id='par_1_11' title="bbox 453 2567 1652 4811">
     <span class='ocr_line' id='line_1_15' title="bbox 459 2567 1648 2668; baseline -0.002 -25"><span class='ocrx_word' id='word_1_98' title='bbox 459 2591 475 2620; x_wconf 68' lang='lat'>,·</span> <span class='ocrx_word' id='word_1_99' title='bbox 524 2592 635 2668; x_wconf 91' lang='lat' dir='ltr'>quam</span> <span class='ocrx_word' id='word_1_100' title='bbox 652 2568 831 2641; x_wconf 86' lang='lat' dir='ltr'>verbosus</span> <span class='ocrx_word' id='word_1_101' title='bbox 846 2570 977 2639; x_wconf 89' lang='lat' dir='ltr'>natura</span> <span class='ocrx_word' id='word_1_102' title='bbox 989 2567 1035 2639; x_wconf 88' lang='lat' dir='ltr'>sit</span> <span class='ocrx_word' id='word_1_103' title='bbox 1052 2567 1115 2638; x_wconf 89' lang='lat' dir='ltr'>ille</span> <span class='ocrx_word' id='word_1_104' title='bbox 1129 2567 1417 2662; x_wconf 82' lang='lat' dir='ltr'>Burdigalensis‚</span> <span class='ocrx_word' id='word_1_105' title='bbox 1431 2568 1648 2641; x_wconf 85' lang='lat' dir='ltr'>scribendae</span> 
     </span>
     <span class='ocr_line' id='line_1_16' title="bbox 524 2700 1647 2797; baseline -0.004 -19"><span class='ocrx_word' id='word_1_106' title='bbox 524 2703 701 2778; x_wconf 89' lang='lat' dir='ltr'>orationis</span> <span class='ocrx_word' id='word_1_107' title='bbox 715 2701 914 2781; x_wconf 88' lang='lat' dir='ltr'>admodum</span> <span class='ocrx_word' id='word_1_108' title='bbox 932 2700 1047 2790; x_wconf 90' lang='lat' dir='ltr'>rudis,</span> <span class='ocrx_word' id='word_1_109' title='bbox 1059 2701 1402 2797; x_wconf 87' lang='lat' dir='ltr'>aptissimusquead</span> <span class='ocrx_word' id='word_1_110' title='bbox 1421 2701 1647 2796; x_wconf 90' lang='lat' dir='ltr'>loquendum</span> 
     </span>
     <span class='ocr_line' id='line_1_17' title="bbox 524 2834 1652 2934; baseline -0.004 -24"><span class='ocrx_word' id='word_1_111' title='bbox 524 2837 684 2934; x_wconf 85' lang='lat' dir='ltr'>longius,</span> <span class='ocrx_word' id='word_1_112' title='bbox 708 2836 777 2909; x_wconf 91' lang='lat' dir='ltr'>etsi</span> <span class='ocrx_word' id='word_1_113' title='bbox 803 2835 896 2907; x_wconf 88' lang='lat' dir='ltr'>nihil</span> <span class='ocrx_word' id='word_1_114' title='bbox 917 2834 1063 2930; x_wconf 85' lang='lat' dir='ltr'>longius</span> <span class='ocrx_word' id='word_1_115' title='bbox 1091 2835 1302 2930; x_wconf 79' lang='lat' dir='ltr'>requirebat</span> <span class='ocrx_word' id='word_1_116' title='bbox 1321 2837 1476 2908; x_wconf 82' lang='lat' dir='ltr'>occasio.</span> <span class='ocrx_word' id='word_1_117' title='bbox 1509 2838 1652 2908; x_wconf 87' lang='lat' dir='ltr'>Revera</span> 
     </span>
     <span class='ocr_line' id='line_1_18' title="bbox 524 2969 1649 3066; baseline -0.002 -22"><span class='ocrx_word' id='word_1_118' title='bbox 524 2971 632 3046; x_wconf 89' lang='lat' dir='ltr'>stilus</span> <span class='ocrx_word' id='word_1_119' title='bbox 648 2971 773 3044; x_wconf 92' lang='lat' dir='ltr'>nullus</span> <span class='ocrx_word' id='word_1_120' title='bbox 793 2979 863 3058; x_wconf 84' lang='lat' dir='ltr'>est,</span> <span class='ocrx_word' id='word_1_121' title='bbox 881 2995 947 3042; x_wconf 88' lang='lat' dir='ltr'>nec</span> <span class='ocrx_word' id='word_1_122' title='bbox 964 2969 995 3041; x_wconf 92' lang='lat' dir='ltr'>si</span> <span class='ocrx_word' id='word_1_123' title='bbox 1014 2969 1140 3042; x_wconf 86' lang='lat' dir='ltr'>stilum</span> <span class='ocrx_word' id='word_1_124' title='bbox 1165 2969 1285 3042; x_wconf 90' lang='lat' dir='ltr'>solum</span> <span class='ocrx_word' id='word_1_125' title='bbox 1308 2969 1497 3066; x_wconf 85' lang='lat' dir='ltr'>inspicias,</span> <span class='ocrx_word' id='word_1_126' title='bbox 1515 2970 1649 3065; x_wconf 87' lang='lat' dir='ltr'>dignus</span> 
     </span>
     <span class='ocr_line' id='line_1_19' title="bbox 524 3103 1650 3200; baseline -0.004 -20"><span class='ocrx_word' id='word_1_127' title='bbox 524 3112 580 3180; x_wconf 88' lang='lat' dir='ltr'>est</span> <span class='ocrx_word' id='word_1_128' title='bbox 599 3106 662 3178; x_wconf 91' lang='lat' dir='ltr'>ille</span> <span class='ocrx_word' id='word_1_129' title='bbox 679 3105 740 3200; x_wconf 92' lang='lat' dir='ltr'>qui</span> <span class='ocrx_word' id='word_1_130' title='bbox 762 3104 935 3177; x_wconf 87' lang='lat' dir='ltr'>Marcello</span> <span class='ocrx_word' id='word_1_131' title='bbox 953 3103 1164 3200; x_wconf 88' lang='lat' dir='ltr'>quempiam</span> <span class='ocrx_word' id='word_1_132' title='bbox 1185 3104 1308 3177; x_wconf 86' lang='lat' dir='ltr'>locum</span> <span class='ocrx_word' id='word_1_133' title='bbox 1329 3104 1426 3177; x_wconf 88' lang='lat' dir='ltr'>inter</span> <span class='ocrx_word' id='word_1_134' title='bbox 1451 3105 1650 3200; x_wconf 76' lang='lat' dir='ltr'>scriptores</span> 
     </span>
     <span class='ocr_line' id='line_1_20' title="bbox 523 3239 1650 3336; baseline -0.002 -24"><span class='ocrx_word' id='word_1_135' title='bbox 523 3241 659 3314; x_wconf 92' lang='lat' dir='ltr'>latinos</span> <span class='ocrx_word' id='word_1_136' title='bbox 680 3247 838 3336; x_wconf 88' lang='lat' dir='ltr'>praestet</span> <span class='ocrx_word' id='word_1_137' title='bbox 858 3248 893 3312; x_wconf 89' lang='lat' dir='ltr'>et</span> <span class='ocrx_word' id='word_1_138' title='bbox 914 3239 1089 3312; x_wconf 87' lang='lat' dir='ltr'>conferat.</span> <span class='ocrx_word' id='word_1_139' title='bbox 1109 3239 1349 3334; x_wconf 87' lang='lat' dir='ltr'>Nequaquam</span> <span class='ocrx_word' id='word_1_140' title='bbox 1367 3239 1451 3309; x_wconf 91' lang='lat' dir='ltr'>binc</span> <span class='ocrx_word' id='word_1_141' title='bbox 1472 3263 1650 3333; x_wconf 90' lang='lat' dir='ltr'>quaeren-</span> 
     </span>
     <span class='ocr_line' id='line_1_21' title="bbox 457 3372 1650 3468; baseline -0.003 -22"><span class='ocrx_word' id='word_1_142' title='bbox 457 3391 459 3394; x_wconf 82' lang='grc'><strong><em>·</em></strong></span> <span class='ocrx_word' id='word_1_143' title='bbox 525 3375 613 3446; x_wconf 89' lang='lat' dir='ltr'>dum</span> <span class='ocrx_word' id='word_1_144' title='bbox 628 3378 684 3446; x_wconf 89' lang='lat' dir='ltr'>est</span> <span class='ocrx_word' id='word_1_145' title='bbox 700 3397 808 3467; x_wconf 92' lang='lat' dir='ltr'>quam</span> <span class='ocrx_word' id='word_1_146' title='bbox 824 3374 870 3445; x_wconf 96' lang='lat' dir='ltr'>ob</span> <span class='ocrx_word' id='word_1_147' title='bbox 887 3397 1035 3446; x_wconf 89' lang='lat' dir='ltr'>causam</span> <span class='ocrx_word' id='word_1_148' title='bbox 1050 3396 1175 3445; x_wconf 88' lang='lat' dir='ltr'>curam</span> <span class='ocrx_word' id='word_1_149' title='bbox 1196 3378 1429 3468; x_wconf 75' lang='lat' dir='ltr'>posterorum</span> <span class='ocrx_word' id='word_1_150' title='bbox 1446 3378 1542 3446; x_wconf 90' lang='lat' dir='ltr'>recte</span> <span class='ocrx_word' id='word_1_151' title='bbox 1560 3372 1650 3444; x_wconf 89' lang='lat' dir='ltr'>reti-</span> 
     </span>
     <span class='ocr_line' id='line_1_22' title="bbox 525 3505 1650 3596; baseline -0.004 -16"><span class='ocrx_word' id='word_1_152' title='bbox 525 3515 633 3596; x_wconf 89' lang='lat' dir='ltr'>neat;</span> <span class='ocrx_word' id='word_1_153' title='bbox 658 3507 817 3580; x_wconf 84' lang='lat' dir='ltr'>libenter</span> <span class='ocrx_word' id='word_1_154' title='bbox 846 3507 944 3579; x_wconf 90' lang='lat' dir='ltr'>enim</span> <span class='ocrx_word' id='word_1_155' title='bbox 971 3507 1177 3579; x_wconf 90' lang='lat' dir='ltr'>diceremus</span> <span class='ocrx_word' id='word_1_156' title='bbox 1206 3507 1326 3594; x_wconf 89' lang='lat' dir='ltr'>illum,</span> <span class='ocrx_word' id='word_1_157' title='bbox 1354 3515 1391 3579; x_wconf 91' lang='lat' dir='ltr'>ut</span> <span class='ocrx_word' id='word_1_158' title='bbox 1417 3505 1521 3578; x_wconf 89' lang='lat' dir='ltr'>illam</span> <span class='ocrx_word' id='word_1_159' title='bbox 1546 3509 1650 3579; x_wconf 85' lang='lat' dir='ltr'>Mole-</span> 
     </span>
     <span class='ocr_line' id='line_1_23' title="bbox 526 3641 1652 3744; baseline 0.001 -31"><span class='ocrx_word' id='word_1_160' title='bbox 526 3647 664 3714; x_wconf 82' lang='lat' dir='ltr'>riarrnm</span> <span class='ocrx_word' id='word_1_161' title='bbox 688 3666 885 3738; x_wconf 90' lang='lat' dir='ltr'>personam</span> <span class='ocrx_word' id='word_1_162' title='bbox 906 3665 927 3714; x_wconf 93' lang='lat' dir='ltr'>a</span> <span class='ocrx_word' id='word_1_163' title='bbox 955 3666 1026 3737; x_wconf 90' lang='lat' dir='ltr'>qua</span> <span class='ocrx_word' id='word_1_164' title='bbox 1056 3665 1261 3713; x_wconf 77' lang='lat' dir='ltr'>«sermone</span> <span class='ocrx_word' id='word_1_165' title='bbox 1283 3642 1446 3736; x_wconf 86' lang='lat' dir='ltr'>pedestri</span> <span class='ocrx_word' id='word_1_166' title='bbox 1466 3641 1652 3744; x_wconf 85' lang='lat' dir='ltr'>diceretur</span> 
     </span>
     <span class='ocr_line' id='line_1_24' title="bbox 524 3775 1651 3872; baseline 0.002 -26"><span class='ocrx_word' id='word_1_167' title='bbox 524 3775 829 3872; x_wconf 82' lang='lat' dir='ltr'>imprudenter»,</span> <span class='ocrx_word' id='word_1_168' title='bbox 854 3782 950 3848; x_wconf 88' lang='lat' dir='ltr'>recte</span> <span class='ocrx_word' id='word_1_169' title='bbox 966 3777 1128 3848; x_wconf 88' lang='lat' dir='ltr'>locutum</span> <span class='ocrx_word' id='word_1_170' title='bbox 1151 3799 1230 3847; x_wconf 88' lang='lat' dir='ltr'>esse</span> <span class='ocrx_word' id='word_1_171' title='bbox 1245 3776 1515 3871; x_wconf 89' lang='lat' dir='ltr'>imprudentem</span> <span class='ocrx_word' id='word_1_172' title='bbox 1542 3781 1651 3871; x_wconf 89' lang='lat' dir='ltr'>atque</span> 
     </span>
     <span class='ocr_line' id='line_1_25' title="bbox 453 3893 1651 4005; baseline 0.002 -26"><span class='ocrx_word' id='word_1_173' title='bbox 453 3893 457 3904; x_wconf 49' lang='lat'><strong><em>⁴</em></strong></span> <span class='ocrx_word' id='word_1_174' title='bbox 523 3909 707 3998; x_wconf 91' lang='lat' dir='ltr'>inscium;</span> <span class='ocrx_word' id='word_1_175' title='bbox 743 3935 814 4005; x_wconf 91' lang='lat' dir='ltr'>qua</span> <span class='ocrx_word' id='word_1_176' title='bbox 839 3936 882 3983; x_wconf 87' lang='lat' dir='ltr'>ex</span> <span class='ocrx_word' id='word_1_177' title='bbox 918 3915 1019 4005; x_wconf 89' lang='lat' dir='ltr'>parte</span> <span class='ocrx_word' id='word_1_178' title='bbox 1051 3910 1204 3982; x_wconf 91' lang='lat' dir='ltr'>minimo</span> <span class='ocrx_word' id='word_1_179' title='bbox 1231 3910 1364 4005; x_wconf 83' lang='lat' dir='ltr'>dignus</span> <span class='ocrx_word' id='word_1_180' title='bbox 1397 3934 1478 3982; x_wconf 89' lang='lat' dir='ltr'>esse</span> <span class='ocrx_word' id='word_1_181' title='bbox 1506 3910 1651 3983; x_wconf 84' lang='lat' dir='ltr'>videtur</span> 
     </span>
     <span class='ocr_line' id='line_1_26' title="bbox 526 4043 1650 4140; baseline 0.003 -26"><span class='ocrx_word' id='word_1_182' title='bbox 526 4043 661 4133; x_wconf 88' lang='lat' dir='ltr'>studio,</span> <span class='ocrx_word' id='word_1_183' title='bbox 686 4045 984 4139; x_wconf 88' lang='lat' dir='ltr'>quandoquidem</span> <span class='ocrx_word' id='word_1_184' title='bbox 1007 4043 1158 4140; x_wconf 91' lang='lat' dir='ltr'>plurimi</span> <span class='ocrx_word' id='word_1_185' title='bbox 1186 4044 1249 4116; x_wconf 93' lang='lat' dir='ltr'>alii</span> <span class='ocrx_word' id='word_1_186' title='bbox 1269 4043 1381 4116; x_wconf 89' lang='lat' dir='ltr'>latine</span> <span class='ocrx_word' id='word_1_187' title='bbox 1410 4045 1568 4117; x_wconf 89' lang='lat' dir='ltr'>scientes</span> <span class='ocrx_word' id='word_1_188' title='bbox 1597 4044 1650 4117; x_wconf 94' lang='lat' dir='ltr'>lo-</span> 
     </span>
     <span class='ocr_line' id='line_1_27' title="bbox 529 4168 1648 4273; baseline 0.001 -24"><span class='ocrx_word' id='word_1_189' title='bbox 529 4178 603 4250; x_wconf 92' lang='lat' dir='ltr'>cuti</span> <span class='ocrx_word' id='word_1_190' title='bbox 635 4184 733 4266; x_wconf 87' lang='lat' dir='ltr'>sunt,</span> <span class='ocrx_word' id='word_1_191' title='bbox 764 4187 797 4251; x_wconf 89' lang='lat' dir='ltr'>et</span> <span class='ocrx_word' id='word_1_192' title='bbox 830 4178 963 4253; x_wconf 90' lang='lat' dir='ltr'>melius</span> <span class='ocrx_word' id='word_1_193' title='bbox 993 4188 1028 4251; x_wconf 87' lang='lat' dir='ltr'>el</span> <span class='ocrx_word' id='word_1_194' title='bbox 1065 4178 1199 4251; x_wconf 90' lang='lat' dir='ltr'>rectius</span> <span class='ocrx_word' id='word_1_195' title='bbox 1235 4168 1343 4272; x_wconf 88' lang='lat' dir='ltr'>atque</span> <span class='ocrx_word' id='word_1_196' title='bbox 1373 4178 1578 4273; x_wconf 86' lang='lat' dir='ltr'>elegantius</span> <span class='ocrx_word' id='word_1_197' title='bbox 1611 4186 1648 4251; x_wconf 91' lang='lat' dir='ltr'>et</span> 
     </span>
     <span class='ocr_line' id='line_1_28' title="bbox 527 4311 1649 4409; baseline 0 -26"><span class='ocrx_word' id='word_1_198' title='bbox 527 4311 665 4383; x_wconf 78' lang='lat' dir='ltr'>verius,</span> <span class='ocrx_word' id='word_1_199' title='bbox 691 4313 771 4384; x_wconf 90' lang='lat' dir='ltr'>Non</span> <span class='ocrx_word' id='word_1_200' title='bbox 788 4312 851 4385; x_wconf 91' lang='lat' dir='ltr'>illa</span> <span class='ocrx_word' id='word_1_201' title='bbox 872 4317 964 4409; x_wconf 88' lang='lat' dir='ltr'>quae</span> <span class='ocrx_word' id='word_1_202' title='bbox 991 4313 1097 4403; x_wconf 88' lang='lat' dir='ltr'>bene,</span> <span class='ocrx_word' id='word_1_203' title='bbox 1117 4313 1181 4385; x_wconf 91' lang='lat' dir='ltr'>sed</span> <span class='ocrx_word' id='word_1_204' title='bbox 1198 4337 1239 4385; x_wconf 90' lang='lat' dir='ltr'>ea</span> <span class='ocrx_word' id='word_1_205' title='bbox 1256 4337 1347 4408; x_wconf 91' lang='lat' dir='ltr'>quae</span> <span class='ocrx_word' id='word_1_206' title='bbox 1369 4313 1517 4407; x_wconf 84' lang='lat' dir='ltr'>pravius</span> <span class='ocrx_word' id='word_1_207' title='bbox 1539 4313 1649 4408; x_wconf 92' lang='lat' dir='ltr'>scrip·</span> 
     </span>
     <span class='ocr_line' id='line_1_29' title="bbox 529 4445 1650 4542; baseline 0.004 -26"><span class='ocrx_word' id='word_1_208' title='bbox 529 4445 577 4516; x_wconf 93' lang='lat' dir='ltr'>sit</span> <span class='ocrx_word' id='word_1_209' title='bbox 597 4446 748 4542; x_wconf 88' lang='lat' dir='ltr'>majoris</span> <span class='ocrx_word' id='word_1_210' title='bbox 773 4447 810 4518; x_wconf 92' lang='lat' dir='ltr'>in</span> <span class='ocrx_word' id='word_1_211' title='bbox 839 4469 881 4518; x_wconf 90' lang='lat' dir='ltr'>eo</span> <span class='ocrx_word' id='word_1_212' title='bbox 909 4453 994 4519; x_wconf 86' lang='lat' dir='ltr'>sunt</span> <span class='ocrx_word' id='word_1_213' title='bbox 1023 4447 1215 4520; x_wconf 83' lang='lat' dir='ltr'>momenti.</span> <span class='ocrx_word' id='word_1_214' title='bbox 1239 4447 1330 4518; x_wconf 90' lang='lat' dir='ltr'>Nam</span> <span class='ocrx_word' id='word_1_215' title='bbox 1353 4445 1490 4518; x_wconf 84' lang='lat' dir='ltr'>Gallice</span> <span class='ocrx_word' id='word_1_216' title='bbox 1510 4447 1650 4542; x_wconf 92' lang='lat' dir='ltr'>impru-</span> 
     </span>
     <span class='ocr_line' id='line_1_30' title="bbox 532 4578 1651 4676; baseline 0.003 -27"><span class='ocrx_word' id='word_1_217' title='bbox 532 4579 623 4650; x_wconf 91' lang='lat' dir='ltr'>dens</span> <span class='ocrx_word' id='word_1_218' title='bbox 641 4579 802 4675; x_wconf 80' lang='lat' dir='ltr'>scripsit,</span> <span class='ocrx_word' id='word_1_219' title='bbox 820 4603 933 4676; x_wconf 85' lang='lat' dir='ltr'>paene</span> <span class='ocrx_word' id='word_1_220' title='bbox 954 4579 1088 4666; x_wconf 90' lang='lat' dir='ltr'>dicam,</span> <span class='ocrx_word' id='word_1_221' title='bbox 1112 4578 1256 4651; x_wconf 89' lang='lat' dir='ltr'>locutus</span> <span class='ocrx_word' id='word_1_222' title='bbox 1287 4585 1371 4668; x_wconf 89' lang='lat' dir='ltr'>est;</span> <span class='ocrx_word' id='word_1_223' title='bbox 1404 4580 1502 4668; x_wconf 90' lang='lat' dir='ltr'>inde,</span> <span class='ocrx_word' id='word_1_224' title='bbox 1531 4603 1651 4674; x_wconf 87' lang='lat' dir='ltr'>neque</span> 
     </span>
     <span class='ocr_line' id='line_1_31' title="bbox 536 4713 1647 4811; baseline 0.002 -27"><span class='ocrx_word' id='word_1_225' title='bbox 536 4737 578 4784; x_wconf 92' lang='lat' dir='ltr'>ex</span> <span class='ocrx_word' id='word_1_226' title='bbox 611 4715 816 4809; x_wconf 87' lang='lat' dir='ltr'>proposito,</span> <span class='ocrx_word' id='word_1_227' title='bbox 848 4714 955 4788; x_wconf 89' lang='lat' dir='ltr'>nobis</span> <span class='ocrx_word' id='word_1_228' title='bbox 983 4713 1252 4788; x_wconf 83' lang='lat' dir='ltr'>demonstrarit</span> <span class='ocrx_word' id='word_1_229' title='bbox 1282 4738 1353 4808; x_wconf 93' lang='lat' dir='ltr'>quo</span> <span class='ocrx_word' id='word_1_230' title='bbox 1385 4719 1504 4811; x_wconf 87' lang='lat' dir='ltr'>pacta,</span> <span class='ocrx_word' id='word_1_231' title='bbox 1533 4714 1647 4786; x_wconf 65' lang='lat' dir='ltr'>Theo*</span> 
     </span>
    </p>
   </div>
   <div class='ocr_carea' id='block_1_5' title="bbox 0 0 1858 5748">
    <p class='ocr_par' dir='ltr' id='par_1_12' title="bbox 0 0 1858 5748">
     <span class='ocr_line' id='line_1_32' title="bbox 0 0 1858 5748; baseline 0 0"><span class='ocrx_word' id='word_1_232' title='bbox 0 0 1858 5748; x_wconf 95' lang='lat' dir='ltr'> </span> 
     </span>
    </p>
   </div>
  </div>
 </body>
</html>
