3692 5788
727 687 922 754 ..21-

315 868 478 962 Namque
511 864 591 936 sine
611 862 738 937 ordine
768 871 1018 958 congeruntur
1039 867 1218 960 cujusquo
1245 872 1389 964 generis

265 1006 439 1097 remedia,
452 1004 680 1079 medicorum
693 1002 861 1099 potiones
875 1027 958 1076 cum
970 1003 1250 1078 absurdissimis
1269 1013 1391 1084 vatum

264 1139 503 1226 carminibus,
537 1137 691 1211 ridicula
729 1142 923 1233 praecepta
963 1160 1046 1210 cum
1086 1139 1389 1232 prudentissimis

265 1274 446 1362 consiliis,
492 1271 779 1369 empiricborum
809 1269 1108 1367 rusticorumque
1148 1274 1394 1352 medicamina

267 1434 350 1484 cum
370 1405 635 1505 sapientissimi
666 1405 844 1502 cujusque
874 1403 1051 1478 antidotis
1075 1431 1083 1495 ;
1107 1406 1290 1505 simplicia
1310 1435 1394 1486 cum

268 1541 508 1632 doctissimis,
529 1541 758 1614 rationabilia
770 1541 860 1612 'cum
883 1541 1052 1634 physicis,
1076 1542 1201 1615 omnia
1210 1549 1393 1642 permiram

264 1687 345 1750 suut
362 1689 394 1749 ct
425 1679 685 1768 diligentissime
707 1677 867 1761 contrito,
889 1679 929 1746 ut
960 1674 1178 1771 saepissime
1200 1676 1292 1752 dixit
1312 1679 1391 1777 ipso

266 1813 311 1884 de
345 1809 536 1908 speciebus
557 1833 578 1882 a
613 1785 656 1882 ¹se
676 1807 957 1882 commendatis.
980 1808 1088 1899 Quin,
1118 1809 1154 1882 in
1178 1834 1257 1908 cap.
1279 1835 1330 1888 xx
1348 1817 1394 1886 od

261 1949 376 2018 omnio
395 1947 559 2048 atomocli
585 1946 675 2015 uitia
705 1942 797 2016 duas
813 1941 1081 2039 epithematum
1105 1946 1394 2042 compositiones

262 2077 517 2176 imprudenter
535 2077 592 2150 bis
609 2073 772 2151 notavit:
796 2097 888 2169 quae
916 2075 955 2148 in
979 2076 1130 2173 capitul.
1158 2083 1224 2151 toa
1245 2086 1282 2154 et
1306 2085 1390 2168 103,

270 2219 336 2288 tto
360 2220 395 2287 et
415 2219 482 2285 147
504 2211 577 2308 legi
602 2217 771 2308 possunt.
789 2212 917 2307 Neque
938 2214 1178 2304 interpolatore
1198 2237 1290 2310 opus
1322 2221 1391 2306 est,

267 2373 339 2445 quo
355 2349 444 2421 baec
473 2345 532 2419 vel
546 2345 677 2419 iterata
702 2344 760 2418 vel
780 2345 922 2418 variata
938 2345 1052 2418 verba
1071 2345 1327 2443 explanentur,
1356 2354 1397 2424 ut

266 2481 466 2557 arbitratur
479 2477 716 2570 Heimreich;
742 2478 881 2553 scilicet
894 2479 931 2552 in
949 2501 1027 2575 cap.
1050 2505 1179 2569 xxxiv,
1195 2485 1240 2554 6'
1261 2482 1393 2558 iterum

267 2613 434 2688 conscius
462 2614 588 2687 scribit
620 2612 807 2709 quaejam
841 2635 921 2709 cap.
952 2637 1036 2701 xxv,
1077 2619 1117 2686 tt
1146 2614 1386 2709 laudaverat3

269 2745 428 2843 duoque,
464 2747 534 2820 loci
569 2747 663 2821 torte
683 2746 740 2820 bis
761 2746 921 2844 repetiti,
941 2747 1078 2843 pariter
1098 2769 1139 2820 aa
1158 2748 1226 2826 loci
1242 2773 1286 2824 ex
1306 2775 1392 2825 oon·

267 2880 366 2954 suite
386 2880 520 2954 iterum
542 2880 629 2968 dati,
645 2883 681 2952 et
695 2879 836 2954 similes
857 2879 1028 2976 plurimis
1049 2881 1184 2968 verbis,
1200 2887 1237 2956 et
1250 2884 1392 2980 paucis-

267 3013 371 3086 simis
388 3013 590 3087 dissimiles
604 3019 688 3088 sunt
707 3041 714 3084 :
739 3043 755 3082 a
779 3017 948 3086 invictum
966 3019 1185 3104 potionem...
1198 3021 1396 3110 plerissima

264 3151 473 3240 scripsimus,
483 3152 541 3220 red
552 3151 713 3240 quoniam
730 3161 799 3219 tam
812 3150 950 3219 diuinus
964 3153 1036 3240 ejus
1047 3152 1250 3240 effectrrocot,
1267 3157 1392 3226 iteran-

267 3285 345 3355 dam
369 3288 504 3375 putaui,
533 3287 665 3376 nequis
689 3286 882 3356 urtbriticir
922 3288 1071 3356 remedio
1098 3290 1273 3379 requirens
1293 3292 1394 3382 liujus

270 3420 483 3508 ignoratione
511 3419 713 3508 fallatur.»
749 3417 823 3489 Hoc
842 3417 964 3492 solum
995 3425 1051 3490 est
1079 3420 1291 3516 exemplum
1322 3445 1394 3518 qno

274 3548 471 3622 Marcellus
495 3549 619 3645 aliqua
646 3575 689 3622 ex
715 3554 819 3645 parte
839 3550 969 3647 capitis
997 3548 1149 3626 alterius
1178 3556 1393 3630 memoriam

276 3703 444 3755 servasse
462 3682 656 3773 ridentum
691 3691 851 3759 ceterum
877 3685 1002 3758 omnia
1021 3684 1198 3780 congerit,
1231 3697 1392 3784 aggerat,

274 3815 514 3889 coacervatim
548 3817 689 3914 colligit
734 3824 842 3914 etque
892 3823 1097 3907 enumerat,
1136 3825 1393 3898 tantummodo

275 3950 434 4047 partium
448 3951 610 4049 corporis
626 3977 646 4024 a
660 3952 777 4049 eapite
790 3954 835 4026 ad
847 3954 1135 4050 pedesordinem
1152 3957 1351 4031 observans
1366 3961 1390 4034 ¹.

272 4085 343 4157 Sed
361 4093 395 4159 et
413 4085 449 4157 in
466 4087 625 4182 cupitum
640 4092 767 4161 tenore
789 4111 861 4161 non
874 4088 925 4161 ita
945 4088 1043 4162 vitiis
1062 4098 1182 4164 caret:
1206 4091 1398 4168 doloribus

272 4220 508 4294 humerorum
543 4220 691 4293 dolores
722 4223 844 4294 cordis
877 4223 1075 4319 antepositi
1103 4231 1203 4313 sunt,
1231 4227 1394 4302 remedia

272 4353 382 4426 tineis
404 4360 439 4426 et
451 4353 622 4427 lendibus
643 4355 680 4426 in
702 4355 870 4451 rvoapite
892 4357 976 4429 deta
996 4381 1081 4430 mox
1095 4357 1132 4431 in
1152 4383 1191 4432 vr
1207 4359 1392 4455 complen-

309 4633 318 4666 ¹
335 4633 376 4688 lta
391 4632 591 4691 observaverat
599 4635 660 4706 J'am
675 4635 785 4693 Plinius
793 4637 949 4706 Secundus
961 4639 1005 4702 25,
1019 4638 1089 4696 13²:
1107 4660 1118 4690 a
1140 4642 1254 4695 Verum
1268 4647 1296 4696 et
1310 4659 1398 4710 pene*

273 4717 367 4768 ratim
389 4713 626 4786 membratimque
641 4718 773 4786 stupetis
789 4735 953 4788 corporum
969 4719 1085 4790 morbis
1103 4723 1237 4776 remedia
1253 4727 1385 4780 arrbtcxc·

275 4809 344 4847 mua
360 4791 446 4849 orsia
461 4793 562 4864 eapite.
578 4815 590 4846 a
