3692 5788
760 709 930 775 ..5.-

286 887 451 961 traderent
463 883 592 952 advelat
601 882 769 951 breviario
778 881 981 971 colliperern,
990 883 1404 975 alqaocamaaeacnissenl

173 1053 176 1060 ν
281 1040 408 1110 possem
423 1017 585 1108 ejusmodi
610 1016 756 1085 insidias
783 1017 977 1088 vitare...»
1000 1013 1113 1111 Cujus
1135 1013 1404 1111 ,praelationem
1500 1109 1504 1116 .
1601 1079 1604 1088 .

284 1149 443 1256 quadam
469 1172 514 1226 ex
542 1143 659 1246 parte,
690 1148 857 1243 duosque
891 1147 1031 1244 primos
1059 1148 1175 1232 libros
1207 1148 1404 1224 Marcellus

283 1305 395 1382 saepe
423 1290 479 1358 est
504 1282 684 1373 imitatus,
707 1282 876 1357 ordinem
910 1288 1057 1357 secutus
1077 1288 1113 1357 et
1144 1285 1346 1359 sententias
1370 1291 1407 1360 et

277 1413 396 1524 'verlsa
410 1418 491 1514 ipsa
509 1416 646 1492 faciens
662 1439 741 1490 sua.
760 1416 930 1492 Ceterum
946 1419 1044 1492 hunc
1063 1440 1130 1516 pro
1144 1417 1264 1493 Plinio
1288 1419 1405 1494 altero
1505 1479 1509 1485 .

284 1555 322 1627 in
338 1552 564 1651 praefatione
582 1535 738 1649 accepit:
758 1579 774 1619 a
797 1555 932 1656 Plinius
947 1565 1086 1647 aterque
1098 1579 1130 1642 n,
1150 1575 1261 1648 quom
1278 1551 1406 1627 libello

284 1689 450 1770 Medicina
474 1682 584 1760 Plinii
611 1685 742 1769 titulus
762 1691 965 1782 praeesset.
988 1687 1092 1774 Quod
1107 1692 1229 1764 autem
1243 1686 1289 1760 ad
1304 1688 1406 1785 A'pu-

180 1793 217 1892 ’
263 1823 414 1920 lejum,
453 1820 511 1895 vel
545 1820 668 1918 potius
700 1820 1066 1918 Pseudo-Apulejum
1102 1827 1257 1918 spectat,
1302 1822 1407 1920 cujus

284 1980 421 2042 nomen
435 1955 543 2053 juxta
562 1969 741 2053 utramque
756 1959 909 2029 Plininnn
927 1955 1147 2054 inscriptum
1170 1961 1239 2048 est,
1256 1949 1409 2030 Marcell

279 2077 362 2164 'lum
384 2095 468 2163 aute
487 2090 586 2164 huuc
605 2087 798 2187 scripsisse
820 2091 931 2189 plane
947 2094 1124 2178 constat¹,
1143 2091 1354 2189 librumque
1370 2095 1409 2164 de

285 2227 665 2302 Herbararnuirtatibas
676 2239 750 2298 non
765 2225 952 2315 Marcelle
970 2226 1035 2301 sed
1047 2225 1190 2300 lsidoro
1205 2225 1406 2324 proluisse;

286 2360 400 2433 immo
431 2359 556 2434 nescio
576 2383 623 2434 an
645 2359 967 2457 Pseudo-Apulejo
986 2359 1183 2434 Marcellus
1197 2359 1278 2456 ipse
1294 2359 1408 2432 maxi·
1479 2460 1481 2464 .

260 2581 264 2588 ,
287 2517 367 2580 mae
381 2494 492 2568 suerit
506 2492 671 2569 utilitati.

335 2631 410 2704 Hos
431 2651 542 2724 quom
552 2627 749 2703 Marcellus
763 2626 978 2715 admodum,
1002 2635 1042 2703 ut
1056 2627 1205 2717 fatetur,
1222 2627 1409 2703 studiosos

286 2763 455 2838 homines
474 2766 609 2839 assidae
627 2777 757 2837 secutas
779 2768 891 2852 esset,
921 2763 1009 2859 quid
1029 2762 1074 2836 ab
1102 2787 1145 2837 eo
1166 2763 1247 2836 fieri
1263 2771 1406 2862 posset,

168 2991 171 2996 Ι
287 2898 360 2973 nisi
380 2903 432 2986 ut,
455 2897 573 2971 multo
589 2897 706 2994 magis
722 2920 831 2994 quam
843 2897 955 2970 ceteri
968 2902 1056 2970 tunc
1070 2895 1176 2984 Galli,
1200 2912 1284 2972 eum
1298 2898 1410 2994 potis-

228 3045 230 3052 '
286 3034 421 3119 simum
444 3055 654 3106 sermonem
670 3031 891 3122 imitaretur,
908 3056 981 3128 quo
993 3031 1207 3106 Scribonius
1226 3057 1316 3107 usus
1332 3040 1411 3108 erat

286 3189 345 3243 ec
366 3172 501 3242 Plinius
530 3167 838 3262 aterqnePQuod
875 3166 947 3242 nisi
988 3165 1221 3264 tentavisset,
1260 3168 1410 3241 videsne

288 3327 397 3402 quam
410 3303 535 3377 varius
552 3307 661 3399 atque
675 3303 844 3402 impurus
860 3303 1035 3378 litteratis
1053 3305 1155 3380 risus
1172 3306 1304 3382 fuisset
1316 3306 1411 3381 liber

286 3441 325 3511 de
344 3435 620 3511 Medicamentis?
648 3413 808 3511 Videsne
838 3443 975 3545 quanta
994 3442 1079 3512 aute
1098 3439 1265 3513 omnium
1281 3439 1409 3514 oculos

287 3573 449 3670 eluceret
467 3595 680 3645 sermonum
701 3570 972 3668 verborumque
992 3573 1102 3646 unius
1117 3578 1227 3670 atque
1242 3574 1409 3672 ejusdem

285 3689 410 3805 operis
430 3697 677 3802 discrepatio?
697 3747 741 3760 -
755 3705 801 3778 M
819 3705 933 3795 enim,
950 3705 1038 3801 quid
1061 3707 1422 3798 eorumreferebat,¹
1487 3701 1492 3709 ’

288 3841 444 3938 quorum
471 3840 589 3938 gratia
607 3838 743 3928 librum
772 3839 995 3936 composuit,
1013 3845 1053 3914 ut
1075 3840 1169 3914 bene
1192 3840 1252 3913 hic
1276 3839 1410 3914 scribe-

288 3975 424 4049 returi·
442 3975 615 4070 Namque·
641 3972 736 4047 filios
765 3974 940 4047 admonet
966 3979 1006 4048 ut
1033 3975 1131 4048 hunc
1150 3999 1224 4050 cam
1256 3977 1409 4048 omnibus

287 4115 450 4208 infirmis,
479 4114 614 4198 amicis,
653 4113 740 4182 notis
769 4113 960 4205 ipnolisqae
986 4109 1274 4198 communicent,
1306 4112 1407 4180 immo

274 4223 363 4322 ‘nero
395 4271 469 4323 cam
502 4249 642 4318 aduenis
665 4251 777 4339 napis
803 4259 835 4317 ct
852 4247 1069 4339 pauperculis
1082 4245 1106 4318 ².
1144 4245 1275 4318 Nonne
1305 4242 1408 4316 hisce
1481 4255 1485 4262 '

286 4381 408 4458 verbis
424 4380 536 4477 probe
550 4379 731 4476 significat
746 4379 943 4454 utilitatem
962 4365 1036 4453 ase
1053 4378 1251 4454 virtutibus
1273 4377 1406 4451 ceteris

288 4513 485 4589 anteferri?
497 4515 628 4589 Nonne
645 4515 748 4591 addit
760 4539 800 4590 so
819 4512 1014 4589 versiculis
1028 4514 1152 4588 infima
1165 4511 1287 4610 operis
1300 4517 1409 4608 parte

324 4741 334 4778 1
350 4740 429 4802 noso,
445 4737 573 4810 aaran,
585 4743 606 4796 s.
629 4738 706 4818 viu,
723 4699 752 4808 ρ’.
765 4737 808 4807 rs,
824 4752 887 4810 sqq.

325 4818 470 4878 ²-Praelat
488 4819 551 4876 init.
