3706 5748
910 635 958 647 —
983 597 1030 666 98
1055 635 1104 648 --
1135 539 1136 544 ¹

504 776 627 850 Semel
641 776 710 886 hoe
729 774 979 872 repperimus:

425 1035 427 1042 ,
486 978 628 1050 ρ.81,7;
652 979 877 1044 sotiumoautia
905 978 1010 1046 primo
1040 993 1129 1031 mane
1156 993 1225 1032 cum
1247 992 1305 1032 suo
1328 977 1387 1032 sibi
1413 993 1515 1031 rore...
1536 983 1576 1031 te-

450 1073 573 1122 neatur.

500 1245 623 1323 Semel
642 1271 701 1319 nor
719 1269 787 1344 pro
803 1249 964 1319 Romanis
984 1245 1161 1343 scriptum
1182 1250 1262 1318 est:

491 1485 520 1541 p.
537 1468 580 1536 86,
597 1468 654 1525 1οε
676 1469 769 1522 uerba
790 1482 881 1537 quam
916 1465 1026 1524 Graeci
1053 1468 1259 1534 sarcocollam,
1288 1481 1344 1524 nos
1364 1469 1576 1536 arpemonianr

409 1583 417 1592 ·
454 1561 653 1628 appellamus.

502 1755 748 1851 Singulariter
774 1756 864 1828 haee
880 1753 1075 1828 dicuntur:

484 1990 514 2046 p.
530 1973 594 2045 151,
610 1974 644 2029 11
660 1991 668 2030 :
684 1990 787 2030 menae
801 1931 962 2028 novembri
978 1977 1048 2025 ante
1063 1971 1135 2026 idus
1150 1968 1286 2025 easdem.

484 2079 513 2136 p.
530 2063 575 2130 81,
593 2065 630 2120 5:
647 2065 756 2132 dtqitia
771 2065 909 2130 quinque
924 2076 1037 2116 manus
1051 2057 1193 2131 ejusdem
1218 2060 1309 2130 eujus
1329 2060 1430 2129 partie
1449 2061 1574 2115 oculum

448 2155 605 2207 sordicula
618 2157 714 2217 tuerit
729 2153 883 2220 inpressa.

485 2259 514 2314 p.
532 2242 593 2310 111,
608 2241 662 2298 33:
680 2244 761 2312 quod
776 2243 815 2296 ad
831 2255 940 2296 auram
959 2242 1027 2309 ejus
1046 2241 1146 2310 partio
1162 2237 1222 2296 diei
1237 2243 1355 2309 oportet
1369 2235 1408 2294 de
1423 2253 1485 2312 qua
1498 2255 1574 2296 nare

451 2334 580 2401 sanquis
595 2329 678 2398 fluit.

501 2511 581 2586 lllic
593 2513 738 2604 ejusdem
748 2514 865 2604 portis
881 2511 976 2600 eujus
995 2507 1131 2581 elarius
1148 2508 1298 2600 luisset3
1315 2509 1374 2582 hic
1390 2512 1485 2602 eujus
1505 2533 1572 2608 pro

452 2650 491 2719 de
506 2673 585 2742 qua.
613 2646 711 2734 Quae
741 2667 806 2741 per
831 2643 1119 2740 imprudentiam
1141 2643 1278 2741 scripta
1293 2667 1374 2717 esse
1395 2644 1501 2718 facile
1519 2644 1573 2718 vi·

455 2783 602 2854 deutur.
614 2778 987 2872 -Suhauditaporte,
999 2777 1120 2851 neutri
1131 2777 1276 2872 generis
1286 2779 1327 2851 fit
1342 2800 1547 2875 pronomen
1562 2802 1570 2852 :

487 3001 517 3058 p.
535 2984 596 3053 111,
615 2986 668 3042 18:
685 3001 771 3040 rosae
786 2987 874 3053 storia
889 2981 973 3056 quod
986 2987 1031 3038 eat
1047 2985 1180 3039 luteum.

449 3206 498 3217 —
517 3165 615 3238 Haeo
638 3167 783 3238 landem
802 3169 973 3237 nolemus
998 3187 1006 3234 :

486 3385 515 3440 p.
532 3367 648 3434 163,1;
667 3373 782 3422 tussam
799 3366 1017 3440 qualemlibet.

486 3475 516 3529 p.
533 3457 596 3522 108,
613 3457 647 3513 31
661 3475 667 3524 ;
684 3457 747 3525 111,
763 3458 815 3513 tl:
835 3459 976 3527 quiaquia
992 3471 1048 3527 pro
1060 3459 1255 3526 quicumque.

485 3563 515 3618 p.
532 3545 596 3615 119,
612 3545 627 3600 1
642 3561 649 3600 :
665 3549 898 3615 qualicumque,
914 3544 1033 3601 Gallice
1051 3549 1266 3614 :quetoonqua

486 3651 516 3708 p.
532 3634 594 3700 283,
611 3635 643 3690 13
659 3652 665 3692 ;
682 3637 770 3690 dabis
787 3638 838 3689 eui
866 3634 907 3707 (ε
919 3637 970 3705 τῷ)
986 3651 1082 3704 supra
1096 3637 1274 3690 bibendum.

485 3742 515 3798 p.
533 3724 594 3793 388,
611 3724 645 3780 11
660 3742 667 3781 :
684 3731 835 3794 quantum
845 3724 1027 3793 ditipentius
1042 3739 1099 3797 pro
1118 3741 1211 3792 quarn
1223 3725 1473 3796 diliqeutiaeime,
1491 3729 1577 3787 seili-

449 3819 499 3871 oet
527 3816 729 3886 eomparativ.
756 3829 812 3886 pro
837 3813 1034 3886 superlativ„
1056 3815 1139 3870 siout
1153 3813 1237 3887 apud
1253 3829 1309 3869 nos
1322 3819 1397 3886 ptus
1413 3820 1444 3874 in
1465 3835 1526 3876 seo.
1545 3838 1575 3894 p.

450 3903 505 3958 ch.
519 3917 598 3958 xvn.

485 4009 514 4064 p.
532 3992 591 4062 319,
609 3993 640 4048 11
653 3997 683 4049 et
698 3993 753 4050 26:
782 4009 874 4062 quom
901 3994 1055 4047 desederit
1074 3995 1145 4060 quio
1169 3997 1209 4049 ad
1230 3999 1338 4052 aetiam
1360 4003 1388 4053 et
1411 4000 1576 4066 paruerint

449 4088 532 4139 totae
547 4083 804 4151 haemorrhoides,
820 4081 954 4138 sortasse
968 4097 1023 4152 pro
1040 4095 1155 4148 omnes,
1173 4081 1308 4140 Gallice:
1326 4091 1430 4142 toules.

449 4263 547 4337 llaec
561 4261 684 4336 omnia
698 4263 742 4336 de
754 4261 1036 4359 pronominibus
1047 4269 1172 4338 notata
1187 4265 1255 4337 hoe
1269 4288 1385 4338 unum
1402 4265 1574 4339 demons-

448 4403 560 4486 trant,
581 4396 721 4468 scilicet
735 4397 1036 4493 quoliescumque
1057 4398 1253 4472 Marcellus
1274 4399 1320 4471 ab
1338 4423 1405 4472 usu
1419 4400 1573 4495 scriplu-

450 4556 532 4605 rum
547 4530 770 4628 optimorum
786 4531 1023 4620 deerraverit,
1044 4532 1153 4606 toties
1170 4534 1373 4607 seeundum
1390 4533 1571 4607 recenlio-

456 4691 532 4741 rem
554 4663 677 4762 gallici
690 4664 871 4737 sermonis
887 4689 995 4739 usum
1018 4666 1259 4741 deerravisse.
