3706 5748
968 573 1017 582 ..
1043 533 1163 602 80·-

500 715 623 784 vetere
643 716 752 806 atque
778 710 978 784 admodum
1004 710 1145 800 Latina,
1170 711 1248 808 jam
1279 709 1521 783 recentiorem
1543 733 1622 784 ser-

498 867 647 918 monem
660 847 696 918 et
716 845 909 941 scripsisse
928 850 964 918 et
979 847 1137 940 quadam
1153 870 1197 918 ex
1219 847 1321 941 parte
1341 867 1423 918 esse
1436 843 1617 919 locutum.

498 979 572 1051 Hac
598 979 678 1076 jam
710 979 855 1052 videtur
881 979 1089 1066 Marcellae,
1123 979 1192 1052 etsi
1222 979 1412 1054 etiamtum
1453 979 1620 1068 latinus,

493 1113 570 1208 jam
594 1119 712 1186 tamen
731 1113 906 1201 Gallione,
929 1115 1102 1188 condier
1123 1120 1184 1188 aut
1203 1113 1351 1187 aliunde
1367 1114 1619 1211 provincialis,

499 1244 699 1336 exstitisse,
716 1249 745 1320 si
767 1271 848 1320 cum
871 1271 1041 1320 sermone
1055 1253 1183 1322 nostro
1199 1271 1409 1320 sermonem
1426 1249 1506 1345 ejus
1531 1270 1618 1320 con-

496 1381 648 1470 tuleris;
672 1384 770 1476 quod
793 1406 835 1456 eo
856 1382 970 1456 tutius
992 1384 1234 1456 asserendum
1257 1406 1338 1456 esse
1366 1388 1500 1479 potest,
1518 1385 1618 1478 quod

498 1541 571 1589 non
592 1540 636 1589 ex
662 1517 850 1612 proposito
879 1517 945 1588 hac
964 1521 1026 1589 aut
1054 1516 1119 1588 illa
1139 1515 1256 1589 forma
1277 1539 1366 1590 usus
1388 1523 1447 1589 est
1464 1516 1618 1589 Marcel-

498 1653 579 1742 lus;
601 1658 651 1739 at,
679 1675 790 1748 quom
812 1651 1001 1741 scriberet,
1027 1676 1100 1725 non
1132 1654 1179 1725 ad
1212 1652 1464 1737 scribendum,
1487 1652 1553 1724 sed
1572 1651 1617 1724 ad

497 1785 702 1858 docendum
723 1785 883 1880 scripsit,
912 1808 984 1857 non
1012 1807 1077 1880 pro
1102 1783 1258 1857 literatis
1278 1783 1529 1880 potissimum,
1553 1784 1619 1856 sed

496 1941 562 2016 pro
592 1917 778 2006 omnibus,
801 1918 988 1991 nobilibus
1019 1924 1053 1993 et
1086 1917 1322 2015 pauperibus,
1353 1919 1543 2013 magisque
1571 1918 1618 1989 ad

497 2075 680 2127 summam
703 2075 769 2149 pro
793 2053 946 2126 rudibus
968 2056 1075 2147 quam
1096 2075 1162 2150 pro
1190 2052 1360 2141 eruditio,
1385 2068 1451 2124 nec
1473 2052 1620 2126 locutus

495 2193 552 2260 est
574 2186 777 2260 secundum
797 2187 891 2261 illud
912 2194 975 2260 aut
990 2186 1084 2260 illud
1100 2186 1303 2282 exemplar,
1323 2187 1388 2259 sed
1403 2184 1621 2280 simpliciter

496 2329 533 2395 et
551 2320 661 2409 clare,
685 2329 725 2394 ut
740 2345 761 2393 a
777 2345 887 2416 quam
916 2322 1086 2419 plurimis
1107 2321 1256 2393 libellus
1284 2321 1401 2414 ipsius
1420 2319 1616 2413 legeretur.

497 2457 688 2550 lectusque
705 2455 985 2551 intellegeretur
1000 2464 1035 2529 et
1051 2457 1255 2551 prodesset.
1280 2455 1385 2528 Unde
1405 2455 1522 2528 multo
1539 2477 1618 2526 ma·

497 2591 553 2686 gis
572 2604 684 2662 noster
698 2595 768 2676 est,
787 2613 896 2686 quam
921 2589 1179 2686 Burdigalensi
1196 2589 1414 2684 cognomine
1431 2585 1618 2660 codicibus

386 2715 391 2730 ”
497 2725 723 2821 praeposite,
758 2724 997 2797 duodecimae
1038 2731 1100 2798 aut
1134 2723 1309 2806 tredecim
1355 2723 1542 2796 Celtorum
1574 2722 1619 2793 ad

497 2858 661 2953 linguam
676 2859 946 2954 pertinentibus
965 2859 1154 2932 vocabulis
1174 2858 1233 2930 hic
1249 2863 1359 2953 atque
1374 2856 1449 2930 illic
1465 2879 1618 2952 prorsus

473 2977 476 2982 ⁵
497 2994 707 3066 inconsulto
729 2994 888 3090 sparsis:
908 3015 994 3066 nam
1015 3017 1268 3090 quaecumque
1289 3015 1348 3066 res
1368 2991 1490 3064 verbis
1508 2989 1619 3082 simul

498 3135 533 3201 et
559 3127 663 3200 lactis
690 3151 777 3200 vera
791 3151 871 3201 esse
892 3129 1164 3224 comprobatur,
1181 3152 1224 3200 ea
1244 3125 1365 3200 verbis
1385 3124 1495 3212 male,
1517 3127 1620 3199 lactis

414 3303 416 3308 ,
498 3263 619 3337 valide
641 3286 706 3359 pro
726 3287 813 3337 vera
828 3265 1050 3354 ostenditur,
1063 3265 1310 3361 praedicator,
1326 3265 1616 3336 demonstratur.

499 3401 611 3472 Porro
624 3396 814 3478 Gallorum
833 3399 1039 3495 priscorum
1056 3399 1235 3473 vocabula
1248 3401 1349 3470 verba
1366 3410 1445 3470 ruat
1460 3410 1492 3468 et
1508 3406 1596 3468 oor‘er
1606 3428 1618 3480 ,·

422 3635 428 3641 „
498 3533 748 3605 derivatorum
768 3533 932 3606 delectus
954 3536 1160 3622 nominum,
1182 3534 1237 3605 rel
1259 3555 1434 3630 generum
1454 3553 1618 3602 commu-

500 3666 669 3753 tationes,
688 3667 777 3738 haec
804 3691 876 3756 res,
908 3670 997 3741 haec
1017 3674 1247 3765 argumenta,
1272 3668 1361 3740 haec
1382 3670 1528 3738 summa
1546 3661 1619 3734 tide

478 3831 479 3838 ¹
499 3801 608 3894 digna
627 3805 714 3873 sunt
727 3800 951 3875 testimonia.
1057 3875 1060 3882 .
