3706 5748
857 639 1051 706 „72-

396 813 601 887 Macrobius
626 816 663 887 in
686 815 810 890 libello
835 818 874 887 de
893 818 1095 906 differentiis
1118 825 1147 884 et
1161 815 1373 885 societatibus
1400 815 1514 901 praeci

395 950 561 1042 latinique
576 953 680 1035 verbi,
704 949 953 1044 vocabulaque
968 951 1055 1021 baec
1074 978 1080 1018 :

910 1156 999 1216 caleo,

908 1246 1028 1308 calesco,

910 1335 1062 1398 calefacio,

391 1526 565 1614 tanquam
588 1519 697 1592 unius
722 1519 980 1594 declinationis
1001 1520 1139 1593 formae
1174 1520 1353 1608 diversae,
1377 1543 1448 1592 non
1477 1526 1515 1590 nt

392 1654 559 1726 diversae
575 1654 841 1728 declinationes
855 1655 969 1750 accipi
989 1655 1123 1726 debent
1137 1660 1172 1726 et
1189 1653 1398 1727 numeraris
1412 1653 1513 1726 Cete-

393 1812 473 1863 rum
491 1813 556 1885 per
569 1788 776 1884 analogiam
796 1787 953 1885 plurima
973 1789 1084 1861 verba
1098 1789 1175 1886 Jam
1197 1789 1234 1861 in
1248 1814 1325 1860 -are
1340 1785 1514 1861 termina-

392 1922 526 1997 bantur
542 1922 600 2019 (cs.
616 1946 652 2019 p.
673 1922 743 2018 53),
763 1922 813 1994 ita
830 1924 868 1994 ut
882 1944 979 1994 nunc
993 1921 1031 1995 in
1058 1920 1188 2014 gallico
1206 1944 1376 1995 sermone
1407 1921 1517 1994 verba

392 2061 429 2133 in
443 2086 480 2132 er
501 2060 575 2133 sint
595 2057 712 2132 multo
735 2057 920 2156 plurima:

427 2259 587 2330 allactare,
608 2261 730 2317 attaiter
746 2275 753 2326 ;
988 2259 1189 2330 manducare,
1203 2276 1354 2330 manuam

426 2349 610 2413 carminare,
631 2349 797 2413 cbarmer;
989 2348 1131 2416 nitidare,
1149 2356 1311 2417 nettoyer;

426 2437 616 2501 cicatricem,
633 2437 809 2502 cicatricem
990 2439 1160 2509 pectinare,
1174 2438 1306 2505 peipaer
1327 2457 1334 2504 ;

427 2525 609 2593 clarificare,
627 2525 764 2593 ctarifier
779 2546 785 2592 ;
992 2528 1143 2599 piperem,
1156 2530 1279 2596 paterer
1293 2543 1300 2595 ;

427 2614 613 2681 confortare,
635 2613 867 2687 (relconsorteu
989 2615 1123 2681 ructare,
1139 2618 1247 2672 racler.
1346 2627 1347 2634 ¹

427 2703 599 2773 excaldare‚
617 2706 790 2770 debendam
992 2705 1140 2775 similare,
1160 2707 1302 2763 sembler.

391 2887 529 2979 Nempe
546 2881 730 2979 simplicia
749 2884 873 2988 ¹verba,
892 2883 968 2955 sive
994 2883 1176 2974 breviora,
1207 2883 1284 2956 sive
1301 2908 1383 2973 usu,
1407 2891 1446 2958 ut
1466 2885 1517 2956 ita

393 3019 527 3106 dicam,
545 3016 631 3090 trita
657 3025 766 3112 atque
796 3024 1003 3109 extenuata,
1035 3018 1211 3114 paulatim
1232 3018 1409 3092 cedebant
1431 3042 1516 3122 prae

394 3152 515 3226 verbis
533 3152 568 3224 in
601 3150 871 3246 longitudinem
894 3152 1010 3247 magis
1025 3152 1250 3247 patentibus,
1277 3152 1420 3249 adjecta
1435 3177 1514 3248 par-

391 3287 503 3361 ticula
526 3288 741 3381 plerumque
762 3286 905 3374 eadem,
929 3287 1025 3358 unde
1048 3286 1253 3381 simplicior
1278 3287 1314 3357 in
1331 3288 1428 3359 diem
1449 3289 1512 3359 de-

311 3503 312 3510 *
389 3419 682 3507 clinatiofiebat,
721 3423 827 3512 prout
854 3418 1007 3491 verbnm
1042 3419 1163 3515 ipsum
1194 3419 1315 3492 minus
1355 3420 1512 3516 simplex

392 3555 579 3629 evadebat.
599 3551 826 3650 Quapropter
848 3560 956 3647 atque
970 3553 1041 3625 isto
1056 3554 1171 3626 modo
1181 3553 1301 3649 prisea
1316 3553 1512 3640 declinatio

391 3687 544 3786 jamjam
584 3688 741 3761 rariores
772 3686 973 3782 praebebat
1005 3688 1167 3774 ellectuS,
1203 3711 1318 3783 eoque
1349 3690 1387 3760 in
1419 3690 1512 3760 banc

391 3823 491 3912 ¹viam
522 3845 734 3916 processum
765 3828 832 3901 est.
886 3830 922 3895 ut
951 3829 1049 3894 recta
1084 3822 1173 3896 olim
1208 3822 1406 3895 declinatio
1433 3824 1509 3918 jam

392 3962 519 4028 contra
540 3978 721 4040 normam,
754 3954 951 4028 declinatio
978 3962 1105 4028 contra
1125 3979 1294 4029 normam
1305 3957 1383 4052 jam
1413 3963 1512 4028 recta

390 4112 471 4161 esse
507 4088 699 4161 videatur:
741 4098 852 4172 recta,
889 4089 1085 4161 verborum
1107 4096 1172 4162 ut:
1212 4094 1351 4178 «nicer,
1377 4103 1508 4182 captor,
1591 4062 1603 4084 s

392 4235 550 4316 acceptor,
594 4225 735 4310 debitor,
759 4225 927 4311 cre'ditcr;
953 4255 968 4288 »
1001 4232 1128 4298 contra
1162 4249 1343 4309 normam,
1383 4224 1511 4295 verbo-

389 4381 470 4431 rum
494 4383 501 4430 :
536 4387 553 4430 a
579 4363 666 4449 noir,
690 4364 874 4453 (reiceuoir,
892 4364 1020 4448 donea,
1034 4364 1153 4432 croire.
1178 4389 1194 4428 a

437 4493 652 4566 Deminuta1
669 4516 816 4589 quoque
830 4493 980 4567 nomina
989 4493 1066 4589 jam
1083 4493 1228 4579 ssorent,
1242 4495 1508 4590 Marcellusque

366 4742 376 4755 ·
427 4715 554 4782 1Semel‚
583 4730 611 4786 p.
637 4715 681 4784 69,
711 4716 754 4781 15,
777 4725 906 4773 anctum
933 4730 985 4787 pro
1010 4723 1168 4786 unguento
1192 4718 1307 4788 ponitur
1324 4732 1331 4773 :
1348 4721 1414 4772 aine
1438 4721 1508 4786 saie,
