3692 5788
893 661 1089 734 ...38-

413 860 708 954 =Nonnunquam
744 847 868 924 verbis
904 841 1200 943 praepositiones
1231 845 1558 944 praefigebantur3

397 1001 399 1005 '
433 992 582 1090 saepius
603 989 723 1064 altera
749 1010 793 1060 ex
813 986 918 1082 parte
942 1001 1051 1054 voces
1072 979 1388 1073 deformabantur,
1406 987 1505 1080 quod
1525 994 1561 1064 et

431 1127 543 1202 abiis
565 1125 738 1201 ellectum
759 1125 827 1209 est,
851 1117 914 1215 qui
942 1114 1161 1189 melioribus
1189 1118 1393 1214 praeceptis
1414 1121 1557 1214 imbuti,

434 1262 625 1360 magisque
644 1254 927 1334 Ciceronianam
952 1273 1163 1324 sermonem
1191 1250 1324 1340 edocti,
1347 1251 1443 1328 inter
1465 1256 1562 1354 ejus·

434 1396 535 1472 modi
568 1400 693 1470 tamen
732 1389 904 1465 homines
934 1386 1193 1472 versabantur,
1230 1391 1269 1459 ut
1303 1391 1564 1470 consuetudini

437 1554 572 1632 pravae
599 1528 671 1604 loci
713 1531 750 1600 et
788 1522 1044 1622 proximorum
1091 1519 1197 1592 inriti
1234 1519 1564 1622 imprudentesque

436 1671 624 1767 parerent.
658 1660 938 1756 Correptionem
966 1654 1232 1730 vocabulorum
1264 1658 1459 1752 productio
1500 1685 1567 1758 par

436 1803 496 1876 vel
517 1799 667 1896 longior
686 1820 773 1871 mox
800 1798 925 1868 secuta
945 1797 1022 1882 est;
1044 1790 1097 1864 sic
1121 1789 1281 1865 maxime
1301 1815 1424 1868 sermo
1439 1800 1568 1871 noster

438 1935 618 2012 aLatino
651 1954 837 2020 sermone,
872 1927 972 2024 quod
1001 1926 1047 1999 ad
1085 1949 1193 2000 voces
1230 1932 1385 2024 spectat,
1418 1927 1568 2006 videtur

441 2071 595 2146 distare.
618 2067 691 2142 Sed
712 2071 748 2140 et
762 2067 900 2138 Romae
921 2062 1049 2135 eadem
1066 2060 1124 2134 vel
1140 2061 1262 2159 potius
1282 2062 1449 2160 ejusdem
1464 2065 1564 2139 modi

442 2203 662 2280 deformatio
696 2199 878 2298 quaedam
920 2195 1078 2294 spectari
1115 2201 1285 2292 poterat;
1315 2221 1402 2272 nam
1441 2200 1566 2296 quoti-

444 2343 555 2422 diano
584 2363 655 2414 usu
681 2337 790 2410 tritae
818 2357 939 2423 voces,
962 2356 1034 2429 quo
1063 2332 1180 2428 magis
1208 2352 1331 2407 sermo
1363 2335 1498 2424 senuit,
1526 2359 1569 2410 eo

443 2477 561 2576 magis
592 2470 810 2554 adventiciis
837 2467 1061 2564 adjumentis
1094 2467 1248 2542 retineri
1284 2467 1571 2568 confirmarique

448 2613 580 2690 solitae
608 2613 707 2684 sunt.
729 2607 847 2694 Quom
868 2605 920 2676 ita
950 2627 988 2675 se
1015 2626 1073 2676 ras
1095 2603 1240 2691 habeat,
1263 2601 1350 2700 quid
1378 2604 1513 2679 mirum
1538 2606 1570 2682 si

449 2729 644 2824 Marcellus
673 2741 811 2816 multas
834 2738 963 2812 libello
990 2761 1057 2811 suo
1078 2739 1275 2835 productas
1296 2763 1403 2813 voces
1430 2740 1468 2813 in
1484 2740 1568 2816 lon-

444 2884 527 2982 gius
549 2877 720 2967 inseruit,
750 2897 841 2972 quas
874 2879 938 2949 aut
970 2878 1192 2964 nemoante,
1217 2879 1280 2948 aut
1308 2875 1418 2948 etiam
1445 2877 1566 2973 pauci,

444 3019 483 3092 in
517 3016 637 3092 lucem
659 3009 931 3110 protulerant?
958 3003 1027 3082 llas
1050 3009 1128 3105 jam
1155 3009 1396 3106 inspiciemus
1423 3011 1568 3102 ordine,

448 3151 570 3226 indice
585 3154 730 3224 tantum
747 3147 920 3231 formato,
936 3144 986 3215 ila
1000 3148 1052 3233 ut,
1069 3167 1181 3240 quom
1202 3144 1247 3218 de
1259 3143 1569 3220 declinationibus

444 3287 630 3384 agendum
646 3283 728 3371 erit,
750 3287 832 3357 tum
851 3280 897 3354 de
923 3278 999 3354 illis
1023 3280 1104 3356 loco
1124 3304 1192 3355 suo
1214 3280 1477 3358 disseramus¹·

479 3528 735 3592 ettiatntin'etton2
751 3527 871 3584 Seneca
886 3526 1003 3593 rhetor,
1017 3525 1073 3584 sed
1089 3524 1299 3600 Lampridius.
1317 3527 1457 3602 Apicius,
1470 3526 1572 3586 Palla·

443 3619 516 3676 dius
531 3619 665 3675 maxime
680 3621 880 3690 receperunt.

482 3709 652 3765 Aciditetes
667 3709 688 3774 ³,
705 3699 787 3775 ἅπαξ.

485 3799 683 3859 Acitabuiurn
699 3797 721 3865 l,
743 3795 876 3856 Plinius.

479 4042 489 4077 ¹
503 4039 603 4098 Omnia
619 4039 695 4098 enim
710 4054 783 4111 qnae
796 4041 831 4098 ad
847 4039 1069 4094 derivationem
1083 4039 1174 4112 ipsam
1186 4038 1332 4110 pertinent
1344 4040 1373 4098 in
1393 4040 1481 4102 finem
1496 4042 1572 4120 capi-

442 4120 478 4178 tis
497 4121 532 4178 de
549 4123 806 4178 declinationem
823 4120 965 4192 proposito
979 4119 1132 4190 rejecimus
1150 4139 1156 4173 ι
1172 4121 1299 4190 primum
1314 4121 1382 4192 quia
1397 4121 1470 4180 nihil
1490 4123 1570 4180 aliud

444 4205 486 4264 ast
507 4200 646 4264 derivatio
665 4215 751 4274 quam
774 4201 926 4262 declinatio
945 4200 1094 4272 quaedam,
1117 4201 1206 4260 verto
1225 4200 1312 4260 latius
1331 4208 1468 4276 concepto
1487 4209 1571 4266 -at

447 4295 530 4352 saepe
545 4284 748 4337 declinatione
761 4282 850 4338 Latini
864 4295 923 4337 rem
935 4286 1088 4350 utramque
1104 4280 1302 4350 significabant
1321 4311 1355 4322 —
1371 4301 1377 4350 ;
1393 4288 1454 4340 tum
1468 4284 1497 4339 in
1512 4297 1569 4342 ser-

447 4376 530 4420 mone
540 4376 556 4420 a
567 4361 701 4418 Marcello
713 4367 849 4432 usurpato
862 4361 909 4432 (ci.
926 4363 958 4418 tt
979 4361 1053 4433 sqq.)
1068 4360 1263 4418 unaahaltera
1277 4361 1389 4436 sejungi
1403 4379 1460 4420 non
1470 4369 1568 4435 potest,

445 4442 685 4514 quandoquidem,
714 4447 830 4516 propter
853 4442 992 4498 labentem
1008 4443 1037 4498 in
1061 4441 1121 4498 dies
1140 4455 1173 4498 ac
1191 4441 1371 4499 deficientem
1389 4443 1479 4516 ipsam
1498 4447 1569 4505 sim-

444 4523 548 4594 plicem
563 4523 792 4587 declinationem,
806 4522 896 4592 magis
907 4523 1055 4594 magisque
1068 4521 1180 4578 suiirxis
1195 4537 1265 4580 usus
1275 4529 1317 4580 est
1333 4525 1480 4596 particulis
1493 4527 1568 4585 Mar-

440 4603 530 4662 cellus
542 4603 732 4676 aequalesque
746 4603 841 4662 ceteri.

475 4683 528 4738 ep,
546 4681 607 4740 iit.
623 4684 675 4751 li3
693 4698 722 4754 p.
738 4683 801 4753 325,
816 4684 833 4739 8
847 4688 875 4740 et
891 4683 937 4739 l3.
957 4715 991 4724 -
1010 4685 1020 4718 ³
1037 4684 1066 4740 P.
1081 4685 1143 4754 205,
1162 4683 1207 4740 20.
1229 4716 1263 4728 —
1279 4687 1289 4721 ὅ
1303 4686 1333 4741 Ρ.
1353 4686 1414 4754 iii,
1430 4687 1464 4744 23
1476 4703 1483 4754 ;
1501 4687 1562 4758 ²86,
