3706 5748
915 718 1110 785 „54-

451 890 615 988 profecto
632 889 754 967 tiebat.
776 892 880 977 Vide,
903 890 1005 965 verbi
1027 891 1157 988 gratia,
1171 914 1242 987 quo
1258 897 1364 986 pacto
1376 891 1478 981 haec,
1496 881 1584 963 lere

451 1049 536 1098 casu
558 1050 598 1098 ac
618 1032 756 1099 temere
769 1026 937 1115 collecta,
952 1027 991 1098 in
1007 1050 1216 1100 sermonem
1233 1033 1401 1100 nostrum
1413 1027 1535 1099 transi
1556 1068 1568 1081 ·

451 1166 599 1236 rantur:
674 1205 675 1208 ¹

518 1413 547 1468 p.
564 1395 624 1465 290,
642 1395 694 1450 18:
710 1397 762 1468 qui
779 1397 964 1466 sanguinem
981 1412 1037 1468 per
1052 1399 1237 1453 intestinum
1249 1397 1410 1466 jactant...

1032 1486 1178 1542 l’tnlestin
1213 1485 1320 1556 jettent
1407 1487 1434 1555 '-

461 1573 596 1632 .herbae
612 1577 730 1632 urticae
744 1575 902 1631 masculae
921 1577 1118 1632 summitates
1138 1575 1315 1646 colliges...

783 1669 877 1722 males
935 1667 1091 1722 committa
1129 1667 1300 1722 cucilleras.

401 1803 402 1808 ,
515 1771 544 1827 p.
560 1752 625 1822 192,
641 1753 673 1810 19
691 1773 697 1810 :
715 1758 871 1810 tenesmos
887 1758 936 1810 est
948 1756 1081 1812 irritatio
1097 1753 1224 1810 ultimae
1241 1756 1336 1826 partis
1350 1753 1476 1809 directi*

899 1846 1060 1900 irritation
1314 1848 1317 1853 '
1360 1846 1442 1898 droit

478 1933 628 1990 intestini.
644 1963 678 1974 «-
691 1950 721 2006 p.
736 1934 796 2002 365,
815 1935 847 1989 13
866 1952 872 1988 :
888 1936 1072 2004 compositio
1088 1933 1248 2005 emplastri
1314 1931 1352 1988 ad

467 2069 470 2082 .
495 2025 623 2078 interlin
883 2025 1081 2092 composition

479 2126 644 2168 nervorum
654 2116 883 2169 contractiones
900 2111 1082 2169 relaxandas
1095 2115 1124 2166 et
1135 2111 1175 2168 ad
1184 2112 1341 2184 quaslibet
1352 2114 1565 2170 contusiones.

667 2206 872 2258 contractione
928 2205 1064 2257 retachrr
1371 2205 1548 2258 contusione

512 2307 543 2362 p.
558 2291 602 2358 96,
621 2293 665 2350 15.
681 2292 712 2348 Si
728 2291 872 2348 auricula
898 2291 1004 2382 aliquo
1020 2296 1111 2364 pacto
1123 2293 1233 2348 vitiata

502 2435 504 2438 .
744 2384 849 2436 oretlle
1123 2383 1215 2436 eicite

463 2466 618 2534 ·iuerit...‚
634 2469 860 2542 expurgabitur
875 2473 1065 2543 sanitatique
1082 2469 1242 2526 reddetur.

654 2575 806 2629 expurper
914 2561 1002 2616 canit

511 2663 541 2719 p.
569 2647 630 2715 158,
654 2649 681 2702 11
709 2668 715 2704 :
741 2648 781 2704 ad
804 2649 956 2706 stomachi
980 2648 1249 2705 confirmationem
1272 2647 1445 2704 remedium

478 2723 479 2730 ἵ
1009 2742 1225 2803 confirmation

462 2826 762 2902 probatissimum...
778 2859 813 2870 -
828 2846 857 2902 p.
880 2830 940 2894 na,
956 2830 972 2886 4
988 2847 996 2884 z
1012 2831 1145 2885 cervicis
1160 2827 1247 2894 dolor
1260 2826 1472 2882 inflexibilis...

475 2913 630 2988 (elprouoe‘
1200 2909 1202 2919 ’
1272 2919 1429 2984 111111κὶ1111

510 3022 540 3077 p.
558 3005 650 3072 1115
668 3024 673 3062 :
693 3006 794 3080 lepras
815 3008 893 3065 haec
906 3011 1091 3082 compositio
1109 3009 1327 3079 potentissime
1347 3010 1492 3079 extirpet,

873 3097 1107 3168 'composition
1307 3131 1308 3139 1
1369 3100 1487 3167 extirpa

475 3197 534 3250 etc.

403 3501 406 3511 .
486 3418 584 3505 Quae
604 3418 809 3492 accuratius
844 3419 881 3492 iu
910 3419 1078 3516 proximo
1099 3418 1216 3513 capite
1232 3428 1556 3512 recognoscentur,

436 3552 522 3648 q'uia
549 3551 701 3649 majoris
722 3553 833 3626 etiam
862 3553 1019 3627 interest
1034 3554 1168 3649 quibus
1189 3526 1349 3626 maxime
1365 3555 1555 3649 particulis

435 3725 482 3738 -
511 3706 604 3777 quae
629 3707 726 3755 nunc
745 3687 894 3778 1111111111
913 3684 1087 3758 dicuntur
1105 3728 1153 3738 —
1177 3684 1372 3758 Marcellus
1399 3685 1437 3756 in
1466 3686 1557 3758 scri·

435 3817 557 3890 hendo
579 3842 667 3890 usus
690 3817 750 3904 sit,
777 3841 886 3912 quam
917 3819 979 3914 qui
999 3819 1059 3891 vel
1079 3824 1168 3915 quot
1193 3818 1248 3891 illi
1266 3819 1303 3892 in
1328 3820 1557 3893 declinandis

436 3951 648 4024 nominihus
674 3951 732 4025 vel
768 3952 892 4029 verbis
920 3953 1140 4026 barbarismi
1161 3954 1278 4050 elapsi
1303 3953 1390 4026 sini.
1420 3953 1556 4052 Exvhis

435 4081 681 4196 plurimorum
705 4082 901 4157 verborum
923 4085 1189 4182 nominumque
1206 4075 1303 4182 apud
1325 4107 1392 4160 nos
1417 4085 1558 4160 formae

435 4213 682 4290 defluxerunt.
707 4215 756 4290 De
775 4217 947 4313 praefixis
968 4225 1091 4296 autem
1110 4219 1317 4316 particulis
1339 4244 1432 4316 quae
1450 4219 1556 4294 nullo

434 4352 544 4425 modo
565 4352 610 4424 ad
627 4350 913 4426 declinationem
933 4353 1132 4451 pertinent,
1163 4355 1220 4428 hic
1239 4354 1317 4452 jam
1338 4356 1423 4427 licet
1439 4355 1554 4429 disse·

435 4509 529 4558 rere.

484 4619 543 4692 Sic
563 4619 712 4716 quidem
735 4627 1007 4717 componuntur
1022 4623 1146 4712 rerba,
1164 4632 1205 4698 ut
1223 4648 1297 4697 non
1314 4623 1435 4697 solum
1452 4623 1553 4696 iacil-

433 4751 520 4826 lime
566 4759 841 4851 praeponantur
882 4757 1082 4853 particulae
1112 4781 1206 4855 quae
1241 4781 1392 4833 sensum
1422 4755 1562 4831 leviter·
