<?xml version="1.0" encoding="UTF-8"?>
<!DOCTYPE html PUBLIC "-//W3C//DTD XHTML 1.0 Transitional//EN"
    "http://www.w3.org/TR/xhtml1/DTD/xhtml1-transitional.dtd">
<html xmlns="http://www.w3.org/1999/xhtml" xml:lang="en" lang="en">
 <head>
  <title>
</title>
<meta http-equiv="Content-Type" content="text/html;charset=utf-8" />
  <meta name='ocr-system' content='tesseract 3.04.00' />
  <meta name='ocr-capabilities' content='ocr_page ocr_carea ocr_par ocr_line ocrx_word'/>
</head>
<body>
  <div class='ocr_page' id='page_1' title='image "./delatinitatemar00chabgoog_0042.png"; bbox 0 0 3692 5788; ppageno 0'>
   <div class='ocr_carea' id='block_1_1' title="bbox 729 663 1005 777">
    <p class='ocr_par' dir='ltr' id='par_1_1' title="bbox 729 663 1005 777">
     <span class='ocr_line' id='line_1_1' title="bbox 729 663 1005 777; baseline 0.007 -2"><span class='ocrx_word' id='word_1_1' title='bbox 729 663 1005 777; x_wconf 50' lang='lat' dir='ltr'><em>-ss-s</em></span> 
     </span>
    </p>
   </div>
   <div class='ocr_carea' id='block_1_2' title="bbox 263 881 1449 2192">
    <p class='ocr_par' dir='ltr' id='par_1_2' title="bbox 263 881 1449 2192">
     <span class='ocr_line' id='line_1_2' title="bbox 267 881 1390 986; baseline 0.005 -26"><span class='ocrx_word' id='word_1_2' title='bbox 267 890 338 960; x_wconf 91' lang='lat' dir='ltr'><em>ulla</em></span> <span class='ocrx_word' id='word_1_3' title='bbox 359 902 567 962; x_wconf 86' lang='lat' dir='ltr'><em>nascatur...</em></span> <span class='ocrx_word' id='word_1_4' title='bbox 594 917 625 974; x_wconf 76' lang='lat' dir='ltr'><em>a,</em></span> <span class='ocrx_word' id='word_1_5' title='bbox 651 891 760 981; x_wconf 83' lang='lat' dir='ltr'><em>alque</em></span> <span class='ocrx_word' id='word_1_6' title='bbox 784 883 874 956; x_wconf 86' lang='lat' dir='ltr'><em>baec</em></span> <span class='ocrx_word' id='word_1_7' title='bbox 900 881 1010 978; x_wconf 90' lang='lat' dir='ltr'><em>paulo</em></span> <span class='ocrx_word' id='word_1_8' title='bbox 1034 883 1250 963; x_wconf 75' lang='lat' dir='ltr'><em>inleriusza</em></span> <span class='ocrx_word' id='word_1_9' title='bbox 1284 896 1390 986; x_wconf 75' lang='lat' dir='ltr'><em>Cujus</em></span> 
     </span>
     <span class='ocr_line' id='line_1_3' title="bbox 263 1018 1388 1116; baseline 0.007 -23"><span class='ocrx_word' id='word_1_10' title='bbox 263 1026 425 1095; x_wconf 77' lang='lat' dir='ltr'><em>scientiae</em></span> <span class='ocrx_word' id='word_1_11' title='bbox 453 1026 614 1116; x_wconf 77' lang='lat' dir='ltr'><em>beneficia</em></span> <span class='ocrx_word' id='word_1_12' title='bbox 638 1020 717 1093; x_wconf 87' lang='lat' dir='ltr'><em>vice</em></span> <span class='ocrx_word' id='word_1_13' title='bbox 748 1024 876 1094; x_wconf 81' lang='lat' dir='ltr'><em>mutua</em></span> <span class='ocrx_word' id='word_1_14' title='bbox 915 1018 1076 1092; x_wconf 79' lang='lat' dir='ltr'><em>caritatis</em></span> <span class='ocrx_word' id='word_1_15' title='bbox 1104 1022 1286 1099; x_wconf 80' lang='lat' dir='ltr'><strong>humanae</strong></span> <span class='ocrx_word' id='word_1_16' title='bbox 1312 1053 1388 1100; x_wconf 88' lang='lat' dir='ltr'><em>curn</em></span> 
     </span>
     <span class='ocr_line' id='line_1_4' title="bbox 266 1155 1385 1247; baseline 0.006 -19"><span class='ocrx_word' id='word_1_17' title='bbox 266 1161 590 1247; x_wconf 81' lang='lat' dir='ltr'><em>ornnibnsinlirniis,</em></span> <span class='ocrx_word' id='word_1_18' title='bbox 607 1157 741 1244; x_wconf 86' lang='lat' dir='ltr'><em>amicis,</em></span> <span class='ocrx_word' id='word_1_19' title='bbox 761 1158 851 1224; x_wconf 65' lang='lat' dir='ltr'><em>restis</em></span> <span class='ocrx_word' id='word_1_20' title='bbox 868 1155 1069 1246; x_wconf 83' lang='lat' dir='ltr'><em>ipnotisque,</em></span> <span class='ocrx_word' id='word_1_21' title='bbox 1091 1160 1192 1230; x_wconf 80' lang='lat' dir='ltr'><em>insuto</em></span> <span class='ocrx_word' id='word_1_22' title='bbox 1216 1185 1293 1233; x_wconf 42' lang='lat' dir='ltr'><em>&#39;oero</em></span> <span class='ocrx_word' id='word_1_23' title='bbox 1311 1187 1385 1235; x_wconf 81' lang='lat' dir='ltr'><em>cuns</em></span> 
     </span>
     <span class='ocr_line' id='line_1_5' title="bbox 266 1290 1386 1389; baseline 0.007 -27"><span class='ocrx_word' id='word_1_24' title='bbox 266 1293 405 1363; x_wconf 71' lang='lat' dir='ltr'><em>adoems</em></span> <span class='ocrx_word' id='word_1_25' title='bbox 434 1295 545 1383; x_wconf 82' lang='lat' dir='ltr'><em>mapis</em></span> <span class='ocrx_word' id='word_1_26' title='bbox 567 1303 599 1362; x_wconf 93' lang='lat' dir='ltr'><em>et</em></span> <span class='ocrx_word' id='word_1_27' title='bbox 621 1290 836 1383; x_wconf 74' lang='lat' dir='ltr'><em>pauperculis</em></span> <span class='ocrx_word' id='word_1_28' title='bbox 864 1292 1110 1361; x_wconf 85' lang='lat' dir='ltr'><em>communicare</em></span> <span class='ocrx_word' id='word_1_29' title='bbox 1133 1295 1275 1381; x_wconf 83' lang='lat' dir='ltr'><em>debetis,</em></span> <span class='ocrx_word' id='word_1_30' title='bbox 1302 1303 1386 1389; x_wconf 81' lang='lat' dir='ltr'><em>quta</em></span> 
     </span>
     <span class='ocr_line' id='line_1_6' title="bbox 266 1397 1403 1525; baseline -0.006 -28"><span class='ocrx_word' id='word_1_31' title='bbox 266 1439 298 1498; x_wconf 92' lang='lat' dir='ltr'><em>et</em></span> <span class='ocrx_word' id='word_1_32' title='bbox 312 1430 378 1498; x_wconf 87' lang='lat' dir='ltr'><em>Deo</em></span> <span class='ocrx_word' id='word_1_33' title='bbox 396 1397 562 1518; x_wconf 85' lang='lat' dir='ltr'><em>acceptior</em></span> <span class='ocrx_word' id='word_1_34' title='bbox 580 1438 611 1496; x_wconf 92' lang='lat' dir='ltr'><em>et</em></span> <span class='ocrx_word' id='word_1_35' title='bbox 636 1427 767 1496; x_wconf 88' lang='lat' dir='ltr'><em>bomini</em></span> <span class='ocrx_word' id='word_1_36' title='bbox 784 1422 992 1496; x_wconf 79' lang='lat' dir='ltr'><em>laudabilior</em></span> <span class='ocrx_word' id='word_1_37' title='bbox 1006 1397 1271 1515; x_wconf 80' lang='lat' dir='ltr'><em>misericordia,</em></span> <span class='ocrx_word' id='word_1_38' title='bbox 1295 1454 1403 1525; x_wconf 77' lang='lat' dir='ltr'><em>quae.</em></span> 
     </span>
     <span class='ocr_line' id='line_1_7' title="bbox 266 1557 1386 1657; baseline 0.007 -25"><span class='ocrx_word' id='word_1_39' title='bbox 266 1582 375 1656; x_wconf 86' lang='lat' dir='ltr'><em>aegro</em></span> <span class='ocrx_word' id='word_1_40' title='bbox 386 1559 572 1657; x_wconf 82' lang='lat' dir='ltr'><em>hospitius</em></span> <span class='ocrx_word' id='word_1_41' title='bbox 583 1557 777 1656; x_wconf 84' lang='lat' dir='ltr'><em>peregrino</em></span> <span class='ocrx_word' id='word_1_42' title='bbox 789 1578 977 1653; x_wconf 80' lang='lat' dir='ltr'><em>egenaque</em></span> <span class='ocrx_word' id='word_1_43' title='bbox 991 1557 1168 1633; x_wconf 89' lang='lat' dir='ltr'><em>delerlur.</em></span> <span class='ocrx_word' id='word_1_44' title='bbox 1184 1564 1386 1640; x_wconf 77' lang='lat' dir='ltr'><em>»Pluribus</em></span> 
     </span>
     <span class='ocr_line' id='line_1_8' title="bbox 265 1689 1449 1809; baseline 0.004 -41"><span class='ocrx_word' id='word_1_45' title='bbox 265 1700 388 1809; x_wconf 75' lang='lat' dir='ltr'><em>autern</em></span> <span class='ocrx_word' id='word_1_46' title='bbox 403 1692 574 1768; x_wconf 78' lang='lat' dir='ltr'><em>formulis</em></span> <span class='ocrx_word' id='word_1_47' title='bbox 593 1717 633 1767; x_wconf 87' lang='lat' dir='ltr'><em>se</em></span> <span class='ocrx_word' id='word_1_48' title='bbox 653 1697 715 1766; x_wconf 85' lang='lat' dir='ltr'><em>aul</em></span> <span class='ocrx_word' id='word_1_49' title='bbox 729 1689 971 1765; x_wconf 81' lang='lat' dir='ltr'><em>christianum</em></span> <span class='ocrx_word' id='word_1_50' title='bbox 987 1700 1051 1766; x_wconf 85' lang='lat' dir='ltr'><em>aut</em></span> <span class='ocrx_word' id='word_1_51' title='bbox 1067 1693 1200 1768; x_wconf 85' lang='lat' dir='ltr'><em>sallem</em></span> <span class='ocrx_word' id='word_1_52' title='bbox 1219 1697 1387 1774; x_wconf 82' lang='lat' dir='ltr'><em>christia·</em></span> <span class='ocrx_word' id='word_1_53' title='bbox 1445 1797 1449 1804; x_wconf 90' lang='lat'><em>.</em></span> 
     </span>
     <span class='ocr_line' id='line_1_9' title="bbox 266 1825 1382 1923; baseline 0.004 -21"><span class='ocrx_word' id='word_1_54' title='bbox 266 1852 335 1902; x_wconf 88' lang='lat' dir='ltr'><em>nae</em></span> <span class='ocrx_word' id='word_1_55' title='bbox 353 1828 541 1903; x_wconf 80' lang='lat' dir='ltr'><em>doetrinae</em></span> <span class='ocrx_word' id='word_1_56' title='bbox 555 1826 716 1902; x_wconf 89' lang='lat' dir='ltr'><em>amicum</em></span> <span class='ocrx_word' id='word_1_57' title='bbox 735 1825 926 1923; x_wconf 88' lang='lat' dir='ltr'><em>praebuit:</em></span> <span class='ocrx_word' id='word_1_58' title='bbox 955 1867 1005 1880; x_wconf 90' lang='lat'>—</span> <span class='ocrx_word' id='word_1_59' title='bbox 1024 1849 1061 1923; x_wconf 92' lang='lat' dir='ltr'><em>p.</em></span> <span class='ocrx_word' id='word_1_60' title='bbox 1086 1832 1169 1916; x_wconf 78' lang='lat'>236,</span> <span class='ocrx_word' id='word_1_61' title='bbox 1191 1855 1299 1921; x_wconf 72' lang='lat' dir='ltr'><em>auru,</em></span> <span class='ocrx_word' id='word_1_62' title='bbox 1321 1837 1382 1920; x_wconf 80' lang='lat'><em>29,</em></span> 
     </span>
     <span class='ocr_line' id='line_1_10' title="bbox 266 1960 1384 2060; baseline 0.004 -24"><span class='ocrx_word' id='word_1_63' title='bbox 266 1964 417 2038; x_wconf 86' lang='lat' dir='ltr'><em>herbam</em></span> <span class='ocrx_word' id='word_1_64' title='bbox 444 1963 643 2060; x_wconf 88' lang='lat' dir='ltr'><em>quamdam</em></span> <span class='ocrx_word' id='word_1_65' title='bbox 668 1961 869 2035; x_wconf 83' lang='lat' dir='ltr'><em>salutarem</em></span> <span class='ocrx_word' id='word_1_66' title='bbox 903 1960 1084 2051; x_wconf 83' lang='lat' dir='ltr'><em>nominat,</em></span> <span class='ocrx_word' id='word_1_67' title='bbox 1116 1969 1191 2037; x_wconf 82' lang='lat' dir='ltr'><em>«iel</em></span> <span class='ocrx_word' id='word_1_68' title='bbox 1215 1979 1261 2037; x_wconf 87' lang='lat' dir='ltr'><em>est</em></span> <span class='ocrx_word' id='word_1_69' title='bbox 1284 1972 1384 2060; x_wconf 86' lang='lat' dir='ltr'><em>spina</em></span> 
     </span>
     <span class='ocr_line' id='line_1_11' title="bbox 265 2099 1385 2192; baseline 0.003 -22"><span class='ocrx_word' id='word_1_70' title='bbox 265 2102 343 2172; x_wconf 92' lang='lat' dir='ltr'><em>alba</em></span> <span class='ocrx_word' id='word_1_71' title='bbox 356 2124 423 2192; x_wconf 86' lang='lat' dir='ltr'><em>qua</em></span> <span class='ocrx_word' id='word_1_72' title='bbox 439 2103 781 2172; x_wconf 83' lang='lat' dir='ltr'><em>Cbristuscoronatus</em></span> <span class='ocrx_word' id='word_1_73' title='bbox 790 2109 849 2183; x_wconf 86' lang='lat' dir='ltr'><em>esl,</em></span> <span class='ocrx_word' id='word_1_74' title='bbox 864 2121 950 2188; x_wconf 85' lang='lat' dir='ltr'><em>quae</em></span> <span class='ocrx_word' id='word_1_75' title='bbox 963 2099 1054 2169; x_wconf 87' lang='lat' dir='ltr'><em>uelut</em></span> <span class='ocrx_word' id='word_1_76' title='bbox 1066 2123 1168 2171; x_wconf 87' lang='lat' dir='ltr'><em>uuum</em></span> <span class='ocrx_word' id='word_1_77' title='bbox 1181 2103 1290 2173; x_wconf 88' lang='lat' dir='ltr'><em>babet.</em></span> <span class='ocrx_word' id='word_1_78' title='bbox 1315 2127 1385 2172; x_wconf 82' lang='lat' dir='ltr'><em>u·-</em></span> 
     </span>
    </p>
   </div>
   <div class='ocr_carea' id='block_1_3' title="bbox 264 2209 1381 2332">
    <p class='ocr_par' dir='ltr' id='par_1_3' title="bbox 264 2209 1381 2332">
     <span class='ocr_line' id='line_1_12' title="bbox 264 2209 1381 2332; baseline 0 -25"><span class='ocrx_word' id='word_1_79' title='bbox 264 2259 300 2332; x_wconf 89' lang='lat' dir='ltr'><em>p.</em></span> <span class='ocrx_word' id='word_1_80' title='bbox 317 2238 401 2320; x_wconf 70' lang='lat' dir='ltr'><em>uls,</em></span> <span class='ocrx_word' id='word_1_81' title='bbox 416 2257 496 2329; x_wconf 84' lang='lat' dir='ltr'><em>cap.</em></span> <span class='ocrx_word' id='word_1_82' title='bbox 510 2257 615 2320; x_wconf 85' lang='lat' dir='ltr'><em>xxrrr,</em></span> <span class='ocrx_word' id='word_1_83' title='bbox 631 2238 691 2320; x_wconf 82' lang='lat'><em>77,</em></span> <span class='ocrx_word' id='word_1_84' title='bbox 706 2229 836 2304; x_wconf 91' lang='lat' dir='ltr'><em>sedulo</em></span> <span class='ocrx_word' id='word_1_85' title='bbox 853 2209 1348 2327; x_wconf 64' lang='lat' dir='ltr'><em>‹2&#39;Ganatietompantarcbam</em></span> <span class='ocrx_word' id='word_1_86' title='bbox 1363 2265 1381 2307; x_wconf 77' lang='lat' dir='ltr'><em>a</em></span> 
     </span>
    </p>
   </div>
   <div class='ocr_carea' id='block_1_4' title="bbox 261 2366 1398 2604">
    <p class='ocr_par' dir='ltr' id='par_1_4' title="bbox 261 2366 1398 2604">
     <span class='ocr_line' id='line_1_13' title="bbox 262 2366 1398 2464; baseline 0.004 -25"><span class='ocrx_word' id='word_1_87' title='bbox 262 2367 433 2457; x_wconf 82' lang='lat' dir='ltr'><em>laudal,a</em></span> <span class='ocrx_word' id='word_1_88' title='bbox 448 2390 521 2462; x_wconf 93' lang='lat' dir='ltr'><em>quo</em></span> <span class='ocrx_word' id='word_1_89' title='bbox 533 2366 739 2440; x_wconf 89' lang='lat' dir='ltr'><em>remedium</em></span> <span class='ocrx_word' id='word_1_90' title='bbox 759 2368 799 2437; x_wconf 92' lang='lat' dir='ltr'><em>de</em></span> <span class='ocrx_word' id='word_1_91' title='bbox 812 2369 1055 2458; x_wconf 79' lang='lat' dir='ltr'><em>erperinrentis</em></span> <span class='ocrx_word' id='word_1_92' title='bbox 1068 2373 1398 2464; x_wconf 79' lang='lat' dir='ltr'><em>probatisproairno¹</em></span> 
     </span>
     <span class='ocr_line' id='line_1_14' title="bbox 261 2498 1384 2604; baseline 0.005 -30"><span class='ocrx_word' id='word_1_93' title='bbox 261 2515 430 2574; x_wconf 85' lang='lat' dir='ltr'><em>ostensum</em></span> <span class='ocrx_word' id='word_1_94' title='bbox 445 2527 513 2574; x_wconf 87' lang='lat' dir='ltr'><em>csse</em></span> <span class='ocrx_word' id='word_1_95' title='bbox 528 2499 674 2575; x_wconf 78' lang='lat' dir='ltr'><em>asserit.</em></span> <span class='ocrx_word' id='word_1_96' title='bbox 693 2499 807 2572; x_wconf 89' lang='lat' dir='ltr'><em>Porro</em></span> <span class='ocrx_word' id='word_1_97' title='bbox 830 2498 899 2572; x_wconf 83' lang='lat' dir='ltr'><em>fuit</em></span> <span class='ocrx_word' id='word_1_98' title='bbox 918 2499 978 2574; x_wconf 85' lang='lat' dir='ltr'><em>hic</em></span> <span class='ocrx_word' id='word_1_99' title='bbox 998 2499 1224 2578; x_wconf 86' lang='lat' dir='ltr'><em>Gamalielus</em></span> <span class='ocrx_word' id='word_1_100' title='bbox 1245 2505 1384 2604; x_wconf 77' lang='lat' dir='ltr'><em>doctis-</em></span> 
     </span>
    </p>
   </div>
   <div class='ocr_carea' id='block_1_5' title="bbox 263 2635 1495 2736">
    <p class='ocr_par' dir='ltr' id='par_1_5' title="bbox 263 2635 1495 2736">
     <span class='ocr_line' id='line_1_15' title="bbox 263 2635 1495 2736; baseline 0.001 -24"><span class='ocrx_word' id='word_1_101' title='bbox 263 2637 380 2712; x_wconf 87' lang='lat' dir='ltr'><em>simus</em></span> <span class='ocrx_word' id='word_1_102' title='bbox 393 2637 618 2712; x_wconf 85' lang='lat' dir='ltr'><em>ludaeorum</em></span> <span class='ocrx_word' id='word_1_103' title='bbox 654 2635 843 2718; x_wconf 82' lang='lat' dir='ltr'><em>sacerdos,</em></span> <span class='ocrx_word' id='word_1_104' title='bbox 877 2635 1013 2709; x_wconf 83' lang='lat' dir='ltr'><em>Christi</em></span> <span class='ocrx_word' id='word_1_105' title='bbox 1044 2639 1221 2732; x_wconf 85' lang='lat' dir='ltr'><em>aequalis,</em></span> <span class='ocrx_word' id='word_1_106' title='bbox 1245 2642 1383 2736; x_wconf 83' lang='lat' dir='ltr'><em>qui‚·si</em></span> <span class='ocrx_word' id='word_1_107' title='bbox 1489 2641 1495 2652; x_wconf 84' lang='grc'><em>“</em></span> 
     </span>
    </p>
   </div>
   <div class='ocr_carea' id='block_1_6' title="bbox 259 2769 1388 4882">
    <p class='ocr_par' dir='ltr' id='par_1_6' title="bbox 259 2769 1388 4612">
     <span class='ocr_line' id='line_1_16' title="bbox 262 2769 1382 2868; baseline 0.004 -22"><span class='ocrx_word' id='word_1_108' title='bbox 262 2773 381 2848; x_wconf 86' lang='lat' dir='ltr'><em>lemae</em></span> <span class='ocrx_word' id='word_1_109' title='bbox 395 2771 621 2846; x_wconf 88' lang='lat' dir='ltr'><em>eredendum</em></span> <span class='ocrx_word' id='word_1_110' title='bbox 639 2779 709 2859; x_wconf 84' lang='lat' dir='ltr'><em>est,</em></span> <span class='ocrx_word' id='word_1_111' title='bbox 725 2770 914 2868; x_wconf 86' lang='lat' dir='ltr'><em>aposlolus</em></span> <span class='ocrx_word' id='word_1_112' title='bbox 940 2769 1169 2861; x_wconf 79' lang='lat' dir='ltr'><em>defenderat,</em></span> <span class='ocrx_word' id='word_1_113' title='bbox 1191 2773 1382 2850; x_wconf 82' lang='lat' dir='ltr'><em>defensos-</em></span> 
     </span>
     <span class='ocr_line' id='line_1_17' title="bbox 264 2903 1377 3004; baseline -0.001 -20"><span class='ocrx_word' id='word_1_114' title='bbox 264 2932 333 3004; x_wconf 89' lang='lat' dir='ltr'><em>que</em></span> <span class='ocrx_word' id='word_1_115' title='bbox 361 2912 508 2982; x_wconf 81' lang='lat' dir='ltr'><em>secutus</em></span> <span class='ocrx_word' id='word_1_116' title='bbox 535 2911 627 2995; x_wconf 78' lang='lat' dir='ltr'><em>erat,</em></span> <span class='ocrx_word' id='word_1_117' title='bbox 649 2904 760 2979; x_wconf 82' lang='lat' dir='ltr'><em>itaut</em></span> <span class='ocrx_word' id='word_1_118' title='bbox 784 2903 944 3000; x_wconf 87' lang='lat' dir='ltr'><em>denique</em></span> <span class='ocrx_word' id='word_1_119' title='bbox 965 2905 1141 3001; x_wconf 80' lang='lat' dir='ltr'><em>magister</em></span> <span class='ocrx_word' id='word_1_120' title='bbox 1161 2906 1265 2982; x_wconf 91' lang='lat' dir='ltr'><em>Pauli</em></span> <span class='ocrx_word' id='word_1_121' title='bbox 1298 2909 1377 2983; x_wconf 85' lang='lat' dir='ltr'><em>Sie-</em></span> 
     </span>
     <span class='ocr_line' id='line_1_18' title="bbox 263 3011 1388 3140; baseline 0.003 -24"><span class='ocrx_word' id='word_1_122' title='bbox 263 3041 446 3140; x_wconf 90' lang='lat' dir='ltr'><em>phauique</em></span> <span class='ocrx_word' id='word_1_123' title='bbox 483 3047 687 3138; x_wconf 78' lang='lat' dir='ltr'><em>putaretur.</em></span> <span class='ocrx_word' id='word_1_124' title='bbox 720 3081 770 3096; x_wconf 86' lang='lat'><em>—-</em></span> <span class='ocrx_word' id='word_1_125' title='bbox 797 3038 879 3112; x_wconf 84' lang='lat' dir='ltr'><em>Alio</em></span> <span class='ocrx_word' id='word_1_126' title='bbox 906 3038 944 3112; x_wconf 92' lang='lat' dir='ltr'><em>in</em></span> <span class='ocrx_word' id='word_1_127' title='bbox 971 3039 1147 3130; x_wconf 88' lang='lat' dir='ltr'><em>carmine,</em></span> <span class='ocrx_word' id='word_1_128' title='bbox 1183 3011 1388 3118; x_wconf 78' lang='lat' dir='ltr'><em>invocatur¹</em></span> 
     </span>
     <span class='ocr_line' id='line_1_19' title="bbox 262 3172 1381 3270; baseline 0.002 -22"><span class='ocrx_word' id='word_1_129' title='bbox 262 3199 397 3250; x_wconf 87' lang='lat' dir='ltr'><em>nomeu</em></span> <span class='ocrx_word' id='word_1_130' title='bbox 422 3172 578 3250; x_wconf 84' lang='lat' dir='ltr'><em>Chrisli:</em></span> <span class='ocrx_word' id='word_1_131' title='bbox 600 3197 638 3270; x_wconf 91' lang='lat' dir='ltr'><em>p.</em></span> <span class='ocrx_word' id='word_1_132' title='bbox 657 3177 740 3260; x_wconf 68' lang='lat'><strong>248,</strong></span> <span class='ocrx_word' id='word_1_133' title='bbox 762 3195 840 3270; x_wconf 85' lang='lat' dir='ltr'><em>cap.</em></span> <span class='ocrx_word' id='word_1_134' title='bbox 864 3197 952 3262; x_wconf 87' lang='lat' dir='ltr'>xxv,</span> <span class='ocrx_word' id='word_1_135' title='bbox 980 3176 1044 3247; x_wconf 78' lang='lat'><em>¹3:</em></span> <span class='ocrx_word' id='word_1_136' title='bbox 1078 3201 1095 3243; x_wconf 81' lang='lat' dir='ltr'><em>a</em></span> <span class='ocrx_word' id='word_1_137' title='bbox 1118 3177 1183 3246; x_wconf 87' lang='lat' dir='ltr'><em>Sed</em></span> <span class='ocrx_word' id='word_1_138' title='bbox 1201 3177 1288 3248; x_wconf 86' lang='lat' dir='ltr'><em>banc</em></span> <span class='ocrx_word' id='word_1_139' title='bbox 1306 3179 1381 3250; x_wconf 89' lang='lat' dir='ltr'><em>ber-</em></span> 
     </span>
     <span class='ocr_line' id='line_1_20' title="bbox 262 3277 1381 3406; baseline 0 -24"><span class='ocrx_word' id='word_1_140' title='bbox 262 3315 413 3399; x_wconf 84' lang='lat' dir='ltr'><em>bernier,</em></span> <span class='ocrx_word' id='word_1_141' title='bbox 433 3285 634 3390; x_wconf 67' lang='lat' dir='ltr'><em>domnina,</em></span> <span class='ocrx_word' id='word_1_142' title='bbox 663 3319 844 3402; x_wconf 75' lang='lat' dir='ltr'><em>autequam</em></span> <span class='ocrx_word' id='word_1_143' title='bbox 870 3309 1022 3400; x_wconf 79' lang='lat' dir='ltr'><em>colliqes,</em></span> <span class='ocrx_word' id='word_1_144' title='bbox 1043 3277 1265 3406; x_wconf 76' lang='lat' dir='ltr'><em>praecantare</em></span> <span class='ocrx_word' id='word_1_145' title='bbox 1285 3313 1381 3387; x_wconf 85' lang='lat' dir='ltr'><em>debes</em></span> 
     </span>
     <span class='ocr_line' id='line_1_21' title="bbox 260 3441 1379 3538; baseline 0.002 -22"><span class='ocrx_word' id='word_1_146' title='bbox 260 3449 326 3516; x_wconf 89' lang='lat' dir='ltr'><em>sic:</em></span> <span class='ocrx_word' id='word_1_147' title='bbox 353 3447 490 3516; x_wconf 83' lang='lat' dir='ltr'><em>Terram</em></span> <span class='ocrx_word' id='word_1_148' title='bbox 511 3457 615 3531; x_wconf 88' lang='lat' dir='ltr'><em>teneo,</em></span> <span class='ocrx_word' id='word_1_149' title='bbox 636 3445 771 3514; x_wconf 81' lang='lat' dir='ltr'><em>berbans</em></span> <span class='ocrx_word' id='word_1_150' title='bbox 783 3444 872 3534; x_wconf 58' lang='lat' dir='ltr'><em>tepn</em></span> <span class='ocrx_word' id='word_1_151' title='bbox 891 3441 927 3514; x_wconf 90' lang='lat' dir='ltr'><em>iu</em></span> <span class='ocrx_word' id='word_1_152' title='bbox 944 3441 1095 3516; x_wconf 88' lang='lat' dir='ltr'><em>nomine</em></span> <span class='ocrx_word' id='word_1_153' title='bbox 1109 3442 1259 3536; x_wconf 75' lang='lat' dir='ltr'><em>Christi,</em></span> <span class='ocrx_word' id='word_1_154' title='bbox 1271 3451 1379 3538; x_wconf 89' lang='lat' dir='ltr'><em>prosit</em></span> 
     </span>
     <span class='ocr_line' id='line_1_22' title="bbox 261 3576 1378 3678; baseline 0.001 -28"><span class='ocrx_word' id='word_1_155' title='bbox 261 3582 306 3651; x_wconf 88' lang='lat' dir='ltr'><em>ad</em></span> <span class='ocrx_word' id='word_1_156' title='bbox 319 3580 620 3672; x_wconf 79' lang='lat' dir='ltr'><em>qnodtecollipo.»</em></span> <span class='ocrx_word' id='word_1_157' title='bbox 643 3619 692 3632; x_wconf 91' lang='lat'><em>-</em></span> <span class='ocrx_word' id='word_1_158' title='bbox 710 3576 787 3649; x_wconf 89' lang='lat' dir='ltr'><em>Hoc</em></span> <span class='ocrx_word' id='word_1_159' title='bbox 808 3576 963 3650; x_wconf 85' lang='lat' dir='ltr'><em>loriasse</em></span> <span class='ocrx_word' id='word_1_160' title='bbox 993 3577 1221 3652; x_wconf 86' lang='lat' dir='ltr'><em>ludaeorum</em></span> <span class='ocrx_word' id='word_1_161' title='bbox 1250 3604 1378 3678; x_wconf 91' lang='lat' dir='ltr'><em>super-</em></span> 
     </span>
     <span class='ocr_line' id='line_1_23' title="bbox 262 3707 1381 3806; baseline -0.001 -23"><span class='ocrx_word' id='word_1_162' title='bbox 262 3709 474 3783; x_wconf 81' lang='lat' dir='ltr'><em>stitionibus</em></span> <span class='ocrx_word' id='word_1_163' title='bbox 501 3707 685 3781; x_wconf 79' lang='lat' dir='ltr'><em>imbutum</em></span> <span class='ocrx_word' id='word_1_164' title='bbox 705 3714 782 3780; x_wconf 81' lang='lat' dir='ltr'><em>esi:</em></span> <span class='ocrx_word' id='word_1_165' title='bbox 812 3731 848 3804; x_wconf 91' lang='lat' dir='ltr'><em>p.</em></span> <span class='ocrx_word' id='word_1_166' title='bbox 873 3711 957 3797; x_wconf 68' lang='lat'><em>220,</em></span> <span class='ocrx_word' id='word_1_167' title='bbox 991 3707 1029 3782; x_wconf 88' lang='lat' dir='ltr'><em>in</em></span> <span class='ocrx_word' id='word_1_168' title='bbox 1049 3731 1130 3806; x_wconf 87' lang='lat' dir='ltr'><em>cap.</em></span> <span class='ocrx_word' id='word_1_169' title='bbox 1151 3733 1240 3782; x_wconf 84' lang='lat' dir='ltr'><em>xxr:</em></span> <span class='ocrx_word' id='word_1_170' title='bbox 1281 3742 1296 3778; x_wconf 79' lang='grc' dir='ltr'><strong><em>ι</em></strong></span> <span class='ocrx_word' id='word_1_171' title='bbox 1332 3715 1381 3782; x_wconf 84' lang='lat' dir='ltr'><em>ld</em></span> 
     </span>
     <span class='ocr_line' id='line_1_24' title="bbox 259 3844 1377 3934; baseline 0.001 -17"><span class='ocrx_word' id='word_1_172' title='bbox 259 3869 392 3918; x_wconf 85' lang='lat' dir='ltr'><em>curcum</em></span> <span class='ocrx_word' id='word_1_173' title='bbox 414 3868 562 3917; x_wconf 89' lang='lat' dir='ltr'><em>carmen.</em></span> <span class='ocrx_word' id='word_1_174' title='bbox 594 3847 633 3914; x_wconf 91' lang='lat' dir='ltr'><em>ln</em></span> <span class='ocrx_word' id='word_1_175' title='bbox 648 3844 782 3916; x_wconf 86' lang='lat' dir='ltr'><em>lamella</em></span> <span class='ocrx_word' id='word_1_176' title='bbox 813 3856 958 3934; x_wconf 81' lang='lat' dir='ltr'><em>stapnea</em></span> <span class='ocrx_word' id='word_1_177' title='bbox 982 3847 1108 3916; x_wconf 80' lang='lat' dir='ltr'><em>scribes</em></span> <span class='ocrx_word' id='word_1_178' title='bbox 1140 3857 1172 3916; x_wconf 89' lang='lat' dir='ltr'><em>ct</em></span> <span class='ocrx_word' id='word_1_179' title='bbox 1193 3847 1239 3917; x_wconf 84' lang='lat' dir='ltr'><em>ad</em></span> <span class='ocrx_word' id='word_1_180' title='bbox 1257 3848 1377 3918; x_wconf 89' lang='lat' dir='ltr'><em>collum</em></span> 
     </span>
     <span class='ocr_line' id='line_1_25' title="bbox 259 3975 1376 4074; baseline 0 -23"><span class='ocrx_word' id='word_1_181' title='bbox 259 3981 436 4074; x_wconf 79' lang='lat' dir='ltr'><em>suspendes</em></span> <span class='ocrx_word' id='word_1_182' title='bbox 446 3981 526 4048; x_wconf 86' lang='lat' dir='ltr'><em>baec</em></span> <span class='ocrx_word' id='word_1_183' title='bbox 609 3978 739 4049; x_wconf 89' lang='lat' dir='ltr'><em>diseede</em></span> <span class='ocrx_word' id='word_1_184' title='bbox 758 3979 938 4066; x_wconf 34' lang='lat' dir='ltr'><em>asrruonita,</em></span> <span class='ocrx_word' id='word_1_185' title='bbox 955 3975 1157 4051; x_wconf 87' lang='lat' dir='ltr'><em>innomine</em></span> <span class='ocrx_word' id='word_1_186' title='bbox 1170 3978 1235 4051; x_wconf 83' lang='lat' dir='ltr'><em>uei</em></span> <span class='ocrx_word' id='word_1_187' title='bbox 1249 3979 1376 4067; x_wconf 81' lang='lat' dir='ltr'><em>Jacob,</em></span> 
     </span>
     <span class='ocr_line' id='line_1_26' title="bbox 260 4111 1378 4208; baseline 0.001 -24"><span class='ocrx_word' id='word_1_188' title='bbox 260 4112 459 4186; x_wconf 84' lang='lat' dir='ltr'><em>innomine</em></span> <span class='ocrx_word' id='word_1_189' title='bbox 473 4111 538 4185; x_wconf 90' lang='lat' dir='ltr'><em>Dei</em></span> <span class='ocrx_word' id='word_1_190' title='bbox 554 4111 727 4186; x_wconf 82' lang='lat' dir='ltr'><em>Sabaoth.</em></span> <span class='ocrx_word' id='word_1_191' title='bbox 743 4139 759 4180; x_wconf 76' lang='lat' dir='ltr'><em>s</em></span> <span class='ocrx_word' id='word_1_192' title='bbox 775 4111 940 4205; x_wconf 87' lang='lat' dir='ltr'><em>Longum</em></span> <span class='ocrx_word' id='word_1_193' title='bbox 961 4119 1017 4186; x_wconf 87' lang='lat' dir='ltr'><em>est</em></span> <span class='ocrx_word' id='word_1_194' title='bbox 1029 4112 1201 4208; x_wconf 88' lang='lat' dir='ltr'><em>denique,</em></span> <span class='ocrx_word' id='word_1_195' title='bbox 1221 4112 1255 4186; x_wconf 89' lang='lat' dir='ltr'><em>si</em></span> <span class='ocrx_word' id='word_1_196' title='bbox 1277 4113 1378 4188; x_wconf 91' lang='lat' dir='ltr'><em>locos</em></span> 
     </span>
     <span class='ocr_line' id='line_1_27' title="bbox 259 4245 1378 4344; baseline 0.002 -24"><span class='ocrx_word' id='word_1_197' title='bbox 259 4271 390 4320; x_wconf 90' lang='lat' dir='ltr'><em>omnes</em></span> <span class='ocrx_word' id='word_1_198' title='bbox 417 4246 631 4344; x_wconf 87' lang='lat' dir='ltr'><em>hujusmodi</em></span> <span class='ocrx_word' id='word_1_199' title='bbox 648 4246 686 4319; x_wconf 92' lang='lat' dir='ltr'><em>iu</em></span> <span class='ocrx_word' id='word_1_200' title='bbox 707 4245 960 4320; x_wconf 82' lang='lat' dir='ltr'><em>testimonium</em></span> <span class='ocrx_word' id='word_1_201' title='bbox 976 4245 1099 4337; x_wconf 85' lang='lat' dir='ltr'><em>cibem,</em></span> <span class='ocrx_word' id='word_1_202' title='bbox 1127 4246 1261 4343; x_wconf 85' lang='lat' dir='ltr'><em>quibus</em></span> <span class='ocrx_word' id='word_1_203' title='bbox 1285 4247 1378 4322; x_wconf 82' lang='lat' dir='ltr'><em>blar-</em></span> 
     </span>
     <span class='ocr_line' id='line_1_28' title="bbox 260 4380 1376 4480; baseline 0.001 -25"><span class='ocrx_word' id='word_1_204' title='bbox 260 4380 377 4456; x_wconf 88' lang='lat' dir='ltr'><em>cellus</em></span> <span class='ocrx_word' id='word_1_205' title='bbox 414 4380 655 4455; x_wconf 87' lang='lat' dir='ltr'><em>christianum</em></span> <span class='ocrx_word' id='word_1_206' title='bbox 681 4405 721 4455; x_wconf 89' lang='lat' dir='ltr'><em>se</em></span> <span class='ocrx_word' id='word_1_207' title='bbox 754 4405 828 4455; x_wconf 88' lang='lat' dir='ltr'><em>uon</em></span> <span class='ocrx_word' id='word_1_208' title='bbox 866 4380 1115 4480; x_wconf 73' lang='lat' dir='ltr'><em>appellatione</em></span> <span class='ocrx_word' id='word_1_209' title='bbox 1152 4382 1278 4472; x_wconf 90' lang='lat' dir='ltr'><em>modo,</em></span> <span class='ocrx_word' id='word_1_210' title='bbox 1311 4385 1376 4458; x_wconf 86' lang='lat' dir='ltr'><em>sed</em></span> 
     </span>
     <span class='ocr_line' id='line_1_29' title="bbox 260 4514 787 4612; baseline -0.004 -23"><span class='ocrx_word' id='word_1_211' title='bbox 260 4523 383 4590; x_wconf 79' lang='lat' dir='ltr'><em>mento</em></span> <span class='ocrx_word' id='word_1_212' title='bbox 402 4520 438 4589; x_wconf 86' lang='lat' dir='ltr'><em>el</em></span> <span class='ocrx_word' id='word_1_213' title='bbox 458 4515 568 4590; x_wconf 88' lang='lat' dir='ltr'><em>eorde</em></span> <span class='ocrx_word' id='word_1_214' title='bbox 590 4514 787 4612; x_wconf 80' lang='lat' dir='ltr'><em>praestilit.</em></span> 
     </span>
    </p>

    <p class='ocr_par' dir='ltr' id='par_1_7' title="bbox 260 4649 1377 4882">
     <span class='ocr_line' id='line_1_30' title="bbox 309 4649 1374 4743; baseline 0 -19"><span class='ocrx_word' id='word_1_215' title='bbox 309 4649 403 4738; x_wconf 89' lang='lat' dir='ltr'><em>Quid</em></span> <span class='ocrx_word' id='word_1_216' title='bbox 419 4657 556 4737; x_wconf 85' lang='lat' dir='ltr'><em>aulem,</em></span> <span class='ocrx_word' id='word_1_217' title='bbox 579 4650 610 4722; x_wconf 93' lang='lat' dir='ltr'><em>si</em></span> <span class='ocrx_word' id='word_1_218' title='bbox 632 4651 700 4723; x_wconf 88' lang='lat' dir='ltr'><em>hoc</em></span> <span class='ocrx_word' id='word_1_219' title='bbox 723 4678 740 4720; x_wconf 80' lang='lat' dir='ltr'><em>a</em></span> <span class='ocrx_word' id='word_1_220' title='bbox 762 4653 901 4722; x_wconf 91' lang='lat' dir='ltr'><em>eioesac</em></span> <span class='ocrx_word' id='word_1_221' title='bbox 921 4653 1065 4743; x_wconf 85' lang='lat' dir='ltr'><em>majores</em></span> <span class='ocrx_word' id='word_1_222' title='bbox 1079 4654 1187 4722; x_wconf 87' lang='lat' dir='ltr'><em>nostri</em></span> <span class='ocrx_word' id='word_1_223' title='bbox 1204 4654 1374 4738; x_wconf 67' lang='lat' dir='ltr'><em>solorius,</em></span> 
     </span>
     <span class='ocr_line' id='line_1_31' title="bbox 260 4784 1377 4882; baseline 0.001 -26"><span class='ocrx_word' id='word_1_224' title='bbox 260 4789 441 4878; x_wconf 79' lang='lat' dir='ltr'><em>Eutropius</em></span> <span class='ocrx_word' id='word_1_225' title='bbox 460 4800 559 4878; x_wconf 87' lang='lat' dir='ltr'><em>atque</em></span> <span class='ocrx_word' id='word_1_226' title='bbox 580 4789 747 4856; x_wconf 81' lang='lat' dir='ltr'><em>Ausonius</em></span> <span class='ocrx_word' id='word_1_227' title='bbox 776 4811 793 4855; x_wconf 81' lang='lat' dir='ltr'><em>o</em></span> <span class='ocrx_word' id='word_1_228' title='bbox 816 4784 990 4882; x_wconf 77' lang='lat' dir='ltr'><em>exeipiaS,</em></span> <span class='ocrx_word' id='word_1_229' title='bbox 1008 4784 1183 4858; x_wconf 83' lang='lat' dir='ltr'><em>certiores</em></span> <span class='ocrx_word' id='word_1_230' title='bbox 1205 4785 1289 4859; x_wconf 81' lang='lat' dir='ltr'><em>lacit</em></span> <span class='ocrx_word' id='word_1_231' title='bbox 1310 4807 1377 4858; x_wconf 91' lang='lat' dir='ltr'><em>nos</em></span> 
     </span>
    </p>
   </div>
   <div class='ocr_carea' id='block_1_7' title="bbox 0 0 1850 5788">
    <p class='ocr_par' dir='ltr' id='par_1_8' title="bbox 0 0 1850 5788">
     <span class='ocr_line' id='line_1_32' title="bbox 0 0 1850 5788; baseline 0 2"><span class='ocrx_word' id='word_1_232' title='bbox 0 0 1850 5788; x_wconf 95' lang='lat' dir='ltr'><em> </em></span> 
     </span>
    </p>
   </div>
  </div>
 </body>
</html>
