3706 5748
914 645 1109 714 ..94-

480 843 511 899 p.
531 824 593 895 36⁰,
613 825 665 880 17:
687 821 810 879 Serib.:
831 822 913 878 idem
927 822 1060 891 pondua,

684 914 781 969 Mare.
799 931 805 967 :
829 913 911 967 idem
924 913 1083 982 ponderis.

445 1113 545 1186 idem
561 1135 667 1187 casus
685 1111 737 1184 sie
754 1109 987 1206 exprimitur,
1010 1105 1125 1182 semel
1148 1107 1321 1203 quidem:

481 1343 509 1402 p.
524 1327 588 1394 295,
604 1325 657 1383 35:
674 1323 754 1381 etde
770 1322 843 1380 lana
858 1323 919 1379 evis
934 1339 1012 1392 quae
1026 1339 1043 1376 a
1059 1325 1131 1394 lupo
1146 1321 1245 1378 occire
1260 1322 1366 1392 suerit,
1380 1325 1420 1378 ad
1434 1334 1572 1380 uentrem

444 1434 540 1474 auum
555 1419 672 1486 alliget.

447 1627 540 1699 quae
556 1607 612 1678 est
631 1603 770 1676 Gallica
786 1600 942 1675 locutio:
966 1602 1005 1672 da
1025 1602 1059 1672 la
1080 1602 1186 1672 earne.

445 1739 552 1812 Haud
571 1761 654 1811 rara
668 1742 724 1810 est
742 1735 955 1833 hujusmodi
970 1734 1143 1831 junctura
1161 1758 1169 1805 :

494 1957 522 2016 p.
538 1940 601 2008 283,
617 1943 650 1999 12
666 1961 673 1996 :
692 1942 805 2012 adjecto
818 1905 960 2008 polentae
975 1945 1129 2009 quantum
1141 1941 1287 2011 sufficiat,

457 2128 523 2202 sed
543 2151 618 2201 non
638 2151 827 2224 nunquam
840 2129 930 2200 haee
950 2128 1204 2222 reperiuntur:

490 2351 519 2407 p.
537 2334 581 2398 57,
599 2334 653 2389 15:
675 2337 866 2404 medicamen
881 2336 1018 2388 aelurum
1034 2336 1266 2401 aliquantulum
1281 2342 1397 2406 malie;

490 2441 521 2497 p.
536 2423 600 2492 229,
617 2423 670 2480 27:
685 2427 799 2492 adjecto
815 2427 905 2480 melle
922 2432 1075 2492 quautam
1091 2429 1239 2490 sufficiat.

455 2603 534 2694 Hie,

490 2827 520 2883 p.
535 2808 601 2878 Ι238,
616 2807 669 2864 20:
686 2807 808 2864 rubiam
827 2805 908 2862 daria
925 2807 1087 2860 debendam
1103 2805 1311 2874 amplitudine
1325 2809 1423 2875 nucia,

456 2976 562 3074 quasi
586 2977 769 3052 diceretur
787 2980 956 3049 brachiali
970 2979 1205 3070 amplitudine,
1222 2981 1422 3053 admodum
1441 2979 1575 3076 gallica

457 3114 684 3188 estlocurioz
701 3117 741 3186 de
765 3117 798 3185 ia
818 3139 973 3206 prorseur
991 3114 1090 3185 d'rme
1107 3117 1209 3186 noim.
1231 3158 1278 3170 -
1299 3115 1416 3204 Nune²
1453 3115 1572 3212 negle-

456 3249 579 3344 gentia
593 3248 777 3338 videlieet,
797 3248 944 3345 scripsit
958 3273 967 3318 ι

492 3454 522 3510 p.
537 3438 600 3505 275,
617 3437 630 3492 1
647 3437 737 3492 :uini
751 3438 882 3493 Falerni
898 3439 942 3492 uel
955 3438 1071 3491 similia
1086 3435 1179 3507 hujus
1193 3439 1341 3491 sextarios
1354 3437 1502 3506 singulos,

458 3650 569 3724 quom
605 3625 711 3699 facile
732 3625 843 3698 scribi
862 3622 1046 3721 potuisset
1067 3627 1144 3696 duic
1167 3647 1234 3720 pro
1261 3628 1374 3717 hujus,
1396 3622 1511 3698 vitato
1531 3647 1574 3698 eo

446 3821 448 3826 .
459 3761 629 3857 genetivo
642 3761 704 3856 qui
725 3759 934 3857 genetivum
951 3759 1110 3832 alterum
1127 3765 1362 3855 sequeretum
1380 3783 1477 3833 nune
1491 3781 1575 3834 eum

347 3945 350 3950 ,
461 3893 630 3988 genetivo
656 3918 832 3967 numeros
852 3894 991 3990 recepit
1025 3892 1291 3990 discrepantem
1312 3899 1440 3967 contra
1456 3893 1576 3989 legem

457 4052 640 4125 usumque
655 4026 902 4125 plurimorum
932 4026 1080 4100 dicens:

489 4249 519 4306 p.
537 4231 599 4300 307,
616 4231 669 4288 31:
688 4234 716 4287 ai
730 4234 767 4286 de
786 4234 974 4290 lacertarum
990 4231 1098 4286 caudis
1114 4235 1326 4288 summitatem
1342 4235 1465 4291 tuleris.

503 4429 687 4518 Celerum,
734 4426 832 4501 haud
866 4425 983 4500 mulia
1017 4428 1062 4500 de
1096 4428 1264 4524 genetivo
1295 4454 1382 4503 casu
1415 4428 1577 4502 notanda

457 4571 544 4639 sunt
558 4589 568 4656 ;
580 4588 665 4640 nam
679 4561 948 4660 utpronomina
962 4560 1000 4633 in
1017 4562 1186 4658 genetivo
1198 4564 1318 4660 posita
1332 4568 1574 4660 praeteream,

459 4723 552 4794 quae
570 4700 692 4796 potius
711 4698 748 4771 in
770 4696 847 4769 dies
865 4695 972 4792 plura
984 4695 1134 4783 fiebant,
1152 4721 1258 4772 casus
1274 4697 1337 4771 ille
1353 4720 1439 4770 mox
1453 4694 1576 4793 periit,
