3692 5788
933 636 1130 704 ..20-

474 843 491 882 a
513 814 682 898 Quoniam
705 811 873 882 interdum
893 830 945 879 res
960 807 1113 900 postulat
1146 815 1178 876 ct
1195 827 1256 896 per
1275 805 1390 878 aluum
1415 808 1591 878 detrahere

418 989 421 1016 .
469 949 650 1020 materiam
669 947 777 1018 omnis
807 944 1003 1016 tumoris...
1022 943 1137 1031 itaque
1152 962 1218 1010 uon
1240 951 1310 1010 tam
1328 941 1477 1012 alienum
1492 943 1592 1031 judi·

468 1083 618 1158 caoimus
638 1082 753 1154 lorum
777 1101 904 1170 quoque
923 1097 1048 1168 uenero
1061 1097 1240 1166 caponem,
1261 1075 1319 1146 ced
1335 1078 1432 1167 prius
1447 1077 1593 1148 dicemus

441 1261 444 1266 ·
467 1239 553 1310 quoe
567 1215 682 1286 aluum
692 1214 904 1287 mediocriter
923 1211 1092 1294 molliant,
1105 1214 1174 1282 eto.
1199 1247 1247 1262 -
1259 1208 1412 1283 Ineunte
1427 1234 1506 1308 cap.
1525 1233 1589 1299 xx,

468 1369 503 1444 p.
524 1351 604 1436 18⁷,
621 1369 776 1422 narrans
789 1340 1108 1420 Scriboniusunde
1121 1345 1248 1416 netum
1265 1343 1592 1440 remediumquod-

468 1479 552 1558 dnm
574 1479 633 1586 nit,
671 1502 814 1575 qunque
856 1475 966 1554 modo
1002 1476 1040 1550 id
1075 1475 1156 1572 ipse
1192 1475 1418 1572 cognoverit,
1440 1499 1593 1574 prorsus

465 1613 745 1692 transcribitur:
771 1644 837 1688 a...
855 1615 933 1686 Post
952 1623 1092 1684 uiortem
1120 1614 1171 1686 Ti.
1193 1613 1336 1684 Caesari
1359 1637 1421 1705 per
1444 1615 1592 1685 libellum

464 1751 627 1842 scriptum
645 1749 730 1824 data
749 1759 810 1834 cst,
833 1759 865 1820 et
879 1770 944 1840 per
962 1771 1038 1820 eum
1053 1749 1090 1818 ia
1110 1747 1316 1820 bibliothecis
1328 1749 1471 1839 publicis
1481 1750 1591 1842 posita

466 1886 558 1956 veuit
577 1886 614 1956 iu
641 1906 760 1956 rnauus
783 1893 929 1966 nostras,
951 1905 1052 1974 quam
1073 1893 1152 1952 oute
1171 1883 1263 1953 nullo
1282 1883 1380 1954 ruodo
1407 1884 1590 1954 eatrolrere

463 2020 646 2110 potuimus,
682 2018 835 2110 quadrais
871 2017 986 2090 amaia
1019 2018 1198 2108 fecerimus
1233 2027 1272 2088 ut
1308 2019 1474 2088 sciremus
1505 2039 1594 2111 quae

465 2160 563 2228 esset.
588 2178 605 2220 r
644 2149 747 2240 Item,
781 2171 892 2246 quom
925 2147 1141 2245 saepissime
1169 2153 1408 2224 centaureum
1443 2173 1592 2225 succum

440 2301 442 2305 '
467 2282 833 2374 nominaverimus
860 2282 897 2360 iu
920 2306 1000 2379 cop.
1024 2306 1117 2360 xxxi
1136 2284 1181 2360 ud
1199 2287 1262 2356 aui
1280 2286 1369 2356 vitia
1396 2282 1593 2378 diligenter

466 2414 702 2496 Scribonium
722 2430 881 2514 sequens
903 2415 1080 2513 exponit:
1108 2447 1124 2488 a
1148 2419 1332 2492 Centaurei
1350 2421 1422 2492 suci
1452 2421 1527 2492 deo.
1559 2423 1593 2492 11

467 2555 549 2632 luen
568 2555 670 2627 herbo
696 2553 818 2628 Latiae
844 2553 892 2642 fel
912 2564 1025 2624 terrae
1050 2553 1177 2627 dieitur
1210 2565 1242 2628 ct
1274 2548 1395 2645 ubique
1429 2556 1465 2626 iu
1495 2557 1592 2646 auris

466 2688 640 2772 uescitur;
659 2697 708 2758 est
724 2697 842 2758 autem
864 2688 973 2758 teuuis
999 2687 1185 2760 multorum
1201 2711 1373 2762 ramorum
1403 2691 1440 2760 iu
1465 2701 1591 2762 rectum

465 2823 694 2911 sumentium,
711 2821 807 2892 totu
816 2820 931 2909 liorem
947 2822 1115 2913 ecur'uuum
1129 2844 1339 2913 purpureum
1354 2863 1416 2909 -,
1439 2823 1592 2896 absinthi

464 2955 541 3030 suci
558 2955 633 3029 dea.
648 2956 693 3045 ll,
708 2957 778 3030 etc.
795 2981 810 3018 o
834 2952 998 3048 Denique
1019 2977 1098 3050 cop.
1113 2977 1228 3042 xxxv,
1240 2959 1275 3043 9,
1290 2979 1325 3053 p.
1337 2959 1422 3044 361,
1443 2956 1533 3030 hoec
1545 2956 1590 3028 sb

464 3087 594 3166 endem
616 3085 810 3164 Scribonio
825 3086 1064 3163 transcribit:
1107 3115 1122 3157 u
1145 3089 1275 3162 Harum
1300 3091 1589 3181 compositionum,

463 3225 497 3298 si
512 3246 579 3316 qun
597 3223 677 3320 fides
697 3234 758 3308 est,
783 3222 905 3316 etipse
927 3247 986 3314 cao
1006 3224 1110 3325 utilia
1139 3225 1291 3296 remedia
1321 3235 1588 3316 reputassem,

463 3368 494 3431 ct
513 3358 598 3430 alios
612 3357 1047 3449 idemseusissecoafirmo;
1068 3381 1148 3430 uam
1168 3369 1201 3430 ct
1222 3358 1309 3430 illud
1323 3359 1461 3450 adjicio,
1479 3363 1549 3434 etc.
1569 3384 1586 3426 »

463 3490 555 3567 Mire
570 3490 626 3567 esl
644 3490 734 3568 haec
751 3488 1026 3588 diligentium
1041 3490 1175 3586 potine,
1195 3494 1234 3564 ut
1253 3489 1412 3578 videtur,
1432 3490 1586 3587 ineptis·

463 3623 569 3703 sime.
591 3624 662 3702 Sed
682 3624 774 3702 odeo
795 3623 891 3698 male
907 3622 1109 3720 dispositus
1125 3629 1182 3699 est
1201 3622 1310 3710 liber,
1331 3630 1370 3702 ut
1390 3623 1585 3702 Marcellus

462 3756 541 3859 ipse
561 3758 662 3838 locas
677 3781 891 3835 communes
906 3781 980 3831 non
995 3757 1137 3833 ineunti
1159 3781 1227 3832 nec
1238 3758 1316 3854 jam
1330 3767 1478 3854 peracto
1490 3758 1584 3836 libro

461 3892 656 3984 addiderit,
673 3894 737 3968 sed
754 3893 859 3989 quasi
873 3891 1023 3966 lortuito
1050 3891 1351 3968 disseminaverit
1384 3894 1454 3970 hnc
1477 3897 1585 3990 etque

461 4025 567 4106 illuc:
591 4028 716 4106 consor
746 4028 785 4103 in
810 4052 845 4125 p.
879 4032 963 4113 308,
986 4049 1066 4122 cap.
1087 4051 1197 4118 xx1x,
1223 4033 1292 4100 15:
1319 4057 1332 4094 i
1358 4040 1391 4102 ct
1410 4032 1447 4100 io
1465 4030 1585 4104 doliola

461 4165 567 4236 uitreo
587 4166 744 4239 condetur
760 4166 818 4238 sub
834 4163 1009 4257 siquaeulo
1034 4165 1238 4250 labendum,
1263 4161 1358 4238 sicut
1375 4184 1583 4257 usquequo-

462 4321 533 4398 que
546 4297 673 4375 heberi
686 4298 821 4374 debent
835 4296 1278 4374 universemedicemina.
1299 4323 1316 4368 r
1335 4296 1429 4384 Quid
1448 4296 1582 4372 mirum

460 4433 624 4529 estquod
638 4429 1020 4528 necopinantileotori
1036 4433 1275 4506 centaureum
1294 4429 1447 4506 herbam
1468 4453 1582 4526 poene

460 4567 498 4646 tn
515 4567 586 4646 tine
610 4566 695 4646 libri
720 4567 881 4665 primum
899 4563 1149 4662 descripserit,
1173 4588 1292 4661 neque
1313 4563 1381 4642 ille
1411 4589 1455 4639 ex
1483 4567 1584 4661 perte

462 4701 679 4782 sententiam
700 4701 989 4782 emendaverit?
