3692 5788
773 683 942 753 ..9-

207 891 210 898 ’
305 865 438 966 quibus
456 863 495 938 in
514 882 627 960 opere
640 857 918 958 adjumentisex
939 856 1142 949 codicibus,
1155 885 1200 935 cx
1215 863 1428 940 auctoribus

305 1001 397 1101 ejus,
420 1023 465 1074 ex
484 998 566 1094 ipso
584 994 683 1085 stilo,
707 992 760 1067 uti
780 992 889 1066 nobis
903 991 1024 1066 liceat.

353 1133 487 1210 Codice
502 1153 577 1206 uno
603 1128 700 1203 liber
718 1125 883 1202 Marcelli
909 1127 1133 1204 adnotatam
1159 1135 1325 1208 nostram
1347 1157 1430 1231 per·

303 1270 417 1356 venit,
447 1290 545 1342 nunc
570 1266 787 1338 Laudunecsi
823 1265 896 1336 420
925 1235 1200 1357 cognominato,
1235 1271 1433 1364 propterea

305 1404 403 1503 quod
423 1402 461 1476 in
490 1397 727 1475 Laudunensi
746 1394 970 1472 bibliotheca
988 1402 1155 1493 repertus
1171 1404 1351 1496 celetque
1365 1401 1430 1475 ad-

304 1539 375 1612 huc
394 1534 613 1635 permensit.
633 1531 853 1607 Hicdecimo
868 1529 946 1605 lere
960 1537 1045 1628 post
1061 1531 1125 1606 Ch.
1147 1534 1296 1609 saeculo
1310 1535 1428 1633 scrip-

206 1720 210 1724 ·
305 1676 364 1746 tus
384 1670 422 1745 in
435 1667 674 1769 pergaminea
702 1665 832 1739 charta
845 1664 891 1736 ab
910 1665 1019 1756 Rose,
1038 1668 1191 1755 Hermes,
1218 1692 1299 1756 viu,
1321 1693 1356 1766 p.
1381 1675 1427 1744 30

282 1843 286 1858 ·
304 1831 404 1904 sqq,
421 1802 705 1902 diligentissime
725 1799 892 1897 depictus
917 1804 972 1873 est
986 1825 994 1890 ;
1008 1823 1129 1897 neque
1142 1801 1341 1894 immerito,
1363 1785 1427 1902 qui

305 1964 379 2015 non
411 1940 531 2038 solum
548 1937 678 2027 unicus
693 1942 902 2031 temporum
925 1934 1110 2030 iniquitati
1133 1937 1368 2033 superfuerit,
1390 1948 1429 2015 at

304 2075 442 2174 optime
457 2070 779 2172 pulcherrimeque
791 2069 950 2166 scriptus
963 2069 1025 2144 sit.
1042 2070 1153 2144 Haud·
1163 2071 1313 2167 quidem
1330 2072 1427 2149 inte-

304 2234 368 2307 ger
386 2209 524 2301 evasit3
544 2208 646 2282 deest
665 2205 808 2304 primus
828 2229 893 2280 seu
917 2205 1035 2279 ternio
1052 2228 1116 2300 seu
1137 2205 1345 2302 quatern-io,
1361 2232 1428 2282 nec

304 2369 378 2421 non
394 2350 430 2419 et
446 2342 567 2418 ultimi
582 2344 655 2417 duo
674 2339 949 2439 quaterniones,
968 2342 1059 2414 adeo
1085 2346 1123 2414 ut
1138 2365 1257 2438 neque
1277 2342 1425 2448 initium

303 2502 371 2554 nec
397 2477 482 2552 linis
514 2475 667 2552 libriin
693 2475 818 2549 codice
847 2475 1087 2564 remanserit3
1117 2476 1253 2550 desunt
1280 2499 1426 2575 quoque

303 2613 565 2712 quaterniones
577 2636 615 2699 ιι,
630 2635 711 2702 ιιιιι,
726 2635 825 2698 xxu,
843 2634 973 2700 xxxiv,
991 2633 1110 2699 xxxv,
1131 2611 1322 2687 terniones
1345 2638 1425 2687 xvn

302 2755 339 2824 et
374 2747 616 2838 runcum,
653 2752 738 2843 post
768 2744 927 2823 amissos
959 2745 1222 2842 quaterniones
1255 2749 1424 2847 superius

302 2863 420 2957 dictos
444 2887 481 2954 et
510 2879 715 2972 terniones,
749 2878 888 2953 rasuris
918 2877 1037 2956 vitiati
1067 2887 1155 2957 suut
1179 2881 1420 2978 superstitum

301 3016 586 3114 quaternionum
607 3013 767 3102 numeri,
783 3013 849 3088 sod
868 3012 920 3086 ita
937 3017 977 3087 ut
995 3012 1144 3111 pristini
1161 3011 1306 3090 numeri
1325 3018 1423 3092 haud

300 3151 484 3227 difficilius
500 3150 643 3250 possint
654 3150 807 3248 perlegi.
829 3149 1036 3247 Supersunt
1055 3150 1241 3227 hodierno
1255 3152 1314 3225 die
1335 3177 1424 3249 qua·

299 3273 487 3360 terniones
502 3309 596 3375 xxu,
617 3283 806 3358 terniones
821 3307 886 3375 ¹1¹3
918 3288 1107 3360 exsectum
1135 3289 1191 3360 est
1211 3285 1423 3382 quaternio-

300 3418 358 3492 nis
371 3444 462 3494 xxvr
475 3418 607 3494 lolium
620 3416 805 3492 ultimum.
820 3419 938 3507 Quom
952 3417 1003 3492 ita
1014 3424 1210 3516 corruptus
1223 3425 1259 3495 et
1272 3422 1419 3498 obtrun-

298 3562 401 3629 catus
428 3553 477 3628 sit
507 3552 777 3638 Laudunensis
804 3553 934 3641 codex,
967 3553 1055 3650 qui,
1092 3555 1296 3629 secundum
1326 3555 1422 3631 Rose

298 3693 407 3787 atque
434 3687 658 3777 Helmreioh,
682 3687 789 3785 plane
811 3687 945 3784 dignus
966 3688 1205 3764 essevidetur
1224 3690 1287 3787 qui
1307 3691 1417 3766 fidem

297 3822 474 3915 obtineat,
495 3819 574 3920 quo
588 3822 699 3897 modo
718 3828 839 3897 cetera
859 3823 966 3896 nobis
988 3829 1131 3898 serrata
1147 3826 1263 3899 sunt?

345 3957 441 4045 Fuit,
473 3981 571 4033 anno
592 3962 675 4054 post
694 3956 759 4033 Ch.
782 3980 993 4045 unxxxvru,
1009 3960 1168 4055 primum
1191 3957 1289 4056 typis
1317 3981 1417 4032 man·

296 4093 404 4166 datus
418 4091 514 4165 liber
526 4095 571 4164 de
588 4092 840 4166 Medicamentis
860 4089 1028 4166 Basileee
1047 4116 1113 4190 per
1130 4093 1264 4166 lanum
1282 4092 1418 4168 Corne-

293 4226 405 4315 rium,
433 4226 539 4322 plene
557 4226 700 4324 integer
718 4251 725 4316 ;
744 4225 877 4323 quibus
899 4249 988 4300 usus
1009 4228 1057 4300 sit
1081 4226 1285 4318 codicibus
1301 4227 1420 4303 incer·

293 4367 396 4449 tum3
419 4359 533 4433 immo
549 4365 673 4434 utrum
692 4360 825 4455 legerit
838 4361 1122 4436 Lauduncnsem
1135 4375 1273 4453 annon,
1289 4363 1418 4462 dispu-

290 4501 403 4570 tatur.
438 4497 532 4568 Nam
565 4495 698 4592 quibus
720 4495 899 4593 probatur
926 4496 1073 4570 indiciis
1094 4497 1312 4573 Gornarium
1339 4525 1414 4575 uno

289 4635 432 4705 lantum
462 4630 587 4704 codice
621 4653 729 4704 usum
760 4631 876 4704 esse?
905 4631 1117 4706 Verisimile
1156 4637 1324 4725 nonest,
1359 4636 1413 4711 ait·

291 4763 520 4840 llelmreich:
547 4764 635 4862 quid
651 4763 734 4839 ita?
757 4788 880 4843 nonne
898 4772 1042 4864 poterat
1059 4767 1175 4844 codex
1204 4767 1268 4843 ille
1297 4794 1406 4868 quem
