3692 5788
974 548 1142 614 „2-

494 746 606 818 quom
645 722 812 796 libellum
844 723 1035 812 scriberet,
1064 729 1233 797 versatus
1260 731 1327 817 est,
1359 727 1500 824 fuitque
1532 758 1617 808 vere

495 856 787 952 Burdigalensis.
812 857 911 944 Quae
930 846 1042 954 guum
1060 856 1207 945 itasint,
1226 859 1418 955 exquirere
1435 864 1512 960 jam
1532 867 1618 942 licet

495 997 618 1066 utrum
638 991 837 1088 scriptores
857 985 1117 1065 Ciceronianae
1133 993 1264 1067 aetatis
1284 995 1373 1069 satis
1395 999 1553 1094 perlecto
1570 1003 1619 1076 sit

491 1127 672 1218 imitatus,
703 1094 973 1222 Romanusque
999 1126 1096 1200 inter
1129 1129 1313 1202 Romanos
1341 1136 1380 1204 ul
1412 1132 1463 1206 ita
1495 1135 1613 1210 dicam

492 1261 626 1335 merito
662 1261 857 1350 habeatur,
894 1259 981 1335 licet
1010 1260 1123 1334 vitam
1156 1285 1272 1358 paene
1308 1263 1405 1337 inter
1434 1269 1614 1344 Barbaros

490 1397 630 1491 egerit;
655 1439 706 1452 -
728 1419 775 1469 an
795 1395 931 1492 potius,
960 1395 1122 1468 Gallicus
1148 1401 1184 1468 et
1205 1397 1297 1493 ipse,
1319 1421 1553 1477 communem
1573 1411 1612 1478 ut

487 1527 561 1602 illis
609 1529 839 1626 temporibus
887 1551 1097 1602 sermonem
1136 1530 1344 1624 protulerit,
1393 1545 1606 1633 corruptum

486 1661 639 1750 scilicet,
662 1669 771 1758 atque
791 1665 827 1734 in
848 1662 927 1734 dies
941 1660 1126 1735 labentem
1146 1663 1184 1735 in
1205 1663 1381 1739 deterius.

535 1797 593 1869 llli
609 1821 742 1895 nempe
755 1796 818 1892 qui
833 1795 988 1870 Galliam
1004 1805 1088 1892 post
1098 1796 1262 1872 devictos
1277 1823 1298 1872 a
1313 1799 1466 1876 Caesare
1482 1802 1606 1879 Gallos

485 1928 724 2005 incoluerunt
753 1953 925 2004 sermone
951 1929 1056 2027 quasi
1086 1930 1199 2004 dubio
1223 1940 1332 2028 atque
1351 1934 1502 2032 ancipiti
1530 1942 1607 2010 ute-

484 2062 647 2138 bantur:
687 2066 855 2138 volentes
883 2063 981 2138 enim
1009 2064 1124 2140 latine
1154 2064 1269 2160 loqui,
1300 2066 1495 2158 Gallicam,
1530 2092 1608 2154 non

438 2184 446 2206 ⁸
483 2198 664 2295 linguam,
683 2200 747 2273 sed
764 2205 940 2290 mentem,
953 2198 1156 2296 ingenium,
1172 2200 1373 2274 sententies
1388 2202 1600 2298 pristinum·

482 2356 554 2427 que
571 2334 709 2409 cultum
732 2334 892 2430 quadam
912 2358 957 2407 ex
976 2339 1080 2430 parte
1107 2332 1324 2422 servabant3
1346 2334 1484 2410 Gallice
1507 2336 1603 2431 cogi-

479 2467 619 2557 tabant,
643 2469 731 2542 dum
752 2468 881 2542 Latine
909 2468 1099 2557 scribunt3
1130 2468 1327 2541 verborum
1359 2468 1600 2544 mutationem

481 2643 527 2656 -—
554 2601 652 2697 quod
679 2601 872 2676 intellectu
892 2600 998 2675 laeile
1021 2608 1078 2674 est
1103 2641 1152 2656 -
1178 2624 1252 2674 non
1278 2602 1369 2675 adeo
1401 2608 1527 2676 secuta
1545 2609 1602 2675 est

378 2822 380 2830 y
480 2733 627 2808 dicendi
649 2737 891 2809 consuetudo.
914 2735 991 2807 Etsi
1015 2735 1154 2809 cultum
1182 2715 1428 2810 Romanorum
1449 2760 1597 2833 accepe-

478 2875 575 2961 rant,
599 2870 694 2943 haud
716 2870 1038 2944 itaredactierant
1060 2869 1097 2975 in
1124 2869 1338 2945 servitutem
1359 2878 1398 2944 ut
1418 2871 1598 2945 victorum

476 3004 702 3100 acciperent,
725 3029 798 3078 non
820 3003 1095 3100 grammaticam
1121 3003 1241 3078 solum
1267 3005 1508 3097 etvocabula,
1533 3006 1596 3079 sed

476 3137 605 3212 stilum
632 3145 743 3233 atque
758 3137 936 3211 orationis
955 3141 1129 3232 tanquam
1146 3160 1232 3212 ossa
1251 3143 1287 3211 et
1306 3138 1523 3212 medullam.
1544 3140 1597 3214 lta

476 3272 614 3345 lactum
628 3279 686 3345 est
701 3276 741 3346 ut
754 3270 892 3345 Galliae
912 3278 1039 3368 captae
1053 3295 1168 3368 paene
1182 3273 1360 3346 intactum
1376 3272 1599 3370 superfuerit

480 3406 662 3481 Gallicum
697 3405 886 3504 ingenium
917 3414 1026 3502 atque
1059 3406 1096 3479 in
1128 3405 1267 3480 Gallica
1299 3384 1398 3482 terra
1429 3407 1596 3482 floruerit

475 3541 685 3616 diutissime
697 3539 946 3628 Gallicavere,
966 3563 1038 3614 non
1056 3541 1221 3615 Romana
1233 3540 1428 3639 disciplina
1444 3543 1470 3614 ¹.
1488 3541 1593 3629 Quod

470 3675 499 3750 si
522 3649 714 3749 seriitium
737 3675 788 3746 sic
808 3670 985 3770 ellugeral
1000 3675 1037 3749 in
1058 3675 1245 3773 prosperis
1266 3676 1420 3750 Romani
1446 3675 1590 3782 imperii

472 3809 770 3907 tempestatibus
807 3817 944 3904 quanto
989 3810 1106 3906 magis
1143 3809 1321 3908 paulatim
1358 3809 1512 3884 liberior
1550 3809 1589 3883 in

477 3943 610 4018 studiis
624 3942 742 4016 Gallia
761 3942 855 4017 lacta
870 3950 938 4035 est,
962 3943 1024 4018 ubi
1039 3945 1200 4042 primum
1215 3944 1358 4019 nutarit
1376 3944 1513 4018 invicta
1526 3943 1591 4018 illa

469 4078 652 4174 potentia!
670 4078 762 4152 Tum
773 4078 919 4154 barbari
929 4078 1093 4176 undique
1107 4080 1315 4171 irruebant;
1332 4087 1425 4170 tum,
1439 4083 1590 4177 propter

473 4211 703 4287 calamitates
739 4219 963 4310 temporum,
997 4213 1241 4310 periculosius
1267 4215 1462 4310 rariusque
1493 4211 1591 4287 inter

475 4346 630 4421 Galliam
666 4345 881 4444 italiamque
907 4349 977 4423 iter
1008 4348 1140 4438 fiebat3
1168 4358 1247 4424 tum
1276 4348 1388 4423 decus
1426 4370 1467 4422 ac
1504 4345 1586 4421 laus

495 4631 519 4684 l.
543 4630 583 4687 ill.
601 4631 705 4687 Gaston
719 4630 851 4700 Boissier,
866 4631 907 4688 Lu
921 4633 978 4688 Fin
990 4631 1028 4687 du
1041 4631 1219 4702 Peraeam,
1233 4634 1257 4687 t.
1277 4631 1316 4700 ll,
1332 4645 1360 4702 p.
1377 4629 1471 4688 51-52.
