3692 5788
637 1392 1044 1548 PROOEMIUM

324 1897 440 1984 Quom
462 1894 649 1992 proximos
668 1900 752 1968 ante
765 1919 883 2010 'annos
904 1894 1055 1993 plurimi
1072 1896 1167 1969 inter
1186 1846 1394 1992 philologos

275 2032 531 2127 litteratosque
568 2029 811 2104 eruditissimi
848 2030 917 2103 viri
954 2031 991 2103 in
1029 2029 1227 2128 scriptores
1261 2029 1395 2104 latinos

275 2167 393 2264 quinti
408 2167 464 2238 vel
483 2164 578 2239 sexti
604 2170 688 2262 post
701 2165 888 2239 Christum
904 2166 1018 2239 seculi
1036 2164 1239 2239 maximum
1264 2172 1395 2240 contu-

277 2293 390 2375 lerint
431 2301 626 2390 studium,
648 2305 879 2396 aetatemque
918 2301 1021 2375 illam
1056 2324 1171 2397 paene
1201 2300 1396 2374 barbaram

279 2457 414 2530 magno
435 2457 518 2512 cum
539 2433 665 2507 labore
686 2433 946 2530 perspexerint
962 2459 1002 2507 ao
1020 2458 1164 2508 summa
1178 2457 1261 2508 cum
1280 2433 1395 2507 felici-

278 2574 351 2642 tate
390 2567 628 2657 illustrarint,
658 2568 763 2665 pauci
795 2569 994 2642 admodum
1027 2568 1202 2643 latinitati
1230 2567 1396 2643 Marcelli

277 2701 566 2798 burdigalensis,
582 2701 672 2775 civis
693 2702 824 2791 nostri,
847 2704 1081 2792 studuerunt,
1105 2704 1182 2778 sive
1209 2703 1396 2778 bumilita-

277 2845 350 2910 tem
371 2837 454 2927 viri,
474 2837 550 2910 sive
568 2837 859 2911 mediocritatem
883 2837 967 2912 libri
989 2837 1232 2926 fastidientes,
1254 2839 1345 2912 adeo
1360 2843 1399 2912 ut
1469 2809 1474 2816 Ι

277 2969 472 3068 integram,
499 2975 538 3043 ut
563 2971 615 3043 ita
639 2971 774 3061 dicam,
807 2973 1026 3069 reliquerint
1048 2973 1167 3046 adbuc
1189 2973 1395 3046 materiam.

278 3105 376 3192 Quae
411 3105 562 3178 divesne
593 3105 705 3180 fuerit
736 3131 781 3180 an
814 3107 1001 3182 fructuum
1035 3131 1179 3207 expers,
1217 3101 1407 3204 inspicere

278 3246 455 3336 qnantum
477 3240 874 3333 licueritconabimur;
897 3267 938 3316 ac
959 3243 1084 3316 nescio
1096 3267 1141 3316 an
1152 3241 1244 3315 novi
1259 3241 1398 3337 aliquid

279 3375 475 3471 protulisse
496 3375 565 3449 visi
586 3375 787 3466 luerimus3
810 3385 946 3468 tamen,
970 3355 1167 3473 antequam
1183 3377 1398 3473 hujusmodi

276 3511 439 3584 laborem
453 3510 723 3606 aggrediamur,
735 3513 813 3609 jam
833 3535 896 3586 eos
924 3483 1259 3609 dicemus‘cperum
1273 3512 1398 3587 titulos

278 3652 540 3744 auctorumque
561 3648 714 3722 nomina
733 3649 867 3745 quibus
891 3655 926 3722 et
947 3673 1054 3744 saepe
1074 3647 1113 3721 in
1129 3648 1186 3720 his
1215 3647 1398 3743 quaestio-

277 3781 387 3855 nibus
409 3781 467 3855 usi
482 3805 624 3872 sumus,
647 3788 682 3855 et
702 3784 879 3882 majorem
900 3782 1022 3857 meriti
1039 3788 1194 3881 partem,
1223 3781 1253 3854 si
1274 3805 1345 3876 qua
1361 3781 1397 3853 in

277 3918 390 3990 hocce
403 3915 530 3990 libello
551 3916 714 4004 insuerit,
733 3918 869 3992 relerre
880 3919 1022 4014 justum
1039 3917 1098 3991 sit.

326 4054 376 4124 dc
407 4051 541 4142 primo,
571 4076 680 4147 qnam
709 4057 870 4146 Georgius
900 4055 1089 4125 Helmreicli
1113 4049 1201 4123 libri
1227 4054 1266 4122 dc
1296 4053 1399 4123 Medi-

278 4189 439 4257 camenus
459 4185 661 4259 editionem
684 4197 692 4229 ¹
714 4187 826 4277 dedit,
845 4211 887 4259 ea
906 4188 1088 4260 maximae
1110 4185 1178 4258 luit
1196 4185 1399 4258 laboranti-

279 4320 347 4394 bus
370 4320 476 4394 nobis
500 4321 663 4410 utilitati,
686 4326 812 4417 utpote
835 4322 1061 4417 sagacissimi
1089 4344 1183 4419 opus
1206 4319 1397 4418 philologi,

278 4459 387 4548 atque
402 4454 889 4552 accuratissimeperfectum
905 4483 912 4547 ;
930 4458 1033 4552 cujus
1046 4456 1199 4553 paginas
1209 4454 1399 4550 lineasque

277 4587 314 4659 in
325 4588 528 4662 referendis
539 4589 630 4662 locis
642 4596 854 4664 constanter
866 4592 1089 4680 notavimus,
1106 4592 1164 4664 vel
1178 4591 1398 4687 plerumque

315 4827 323 4858 1
341 4826 479 4880 Marcelli
494 4828 530 4878 de
544 4827 778 4882 Medicamentis
796 4830 882 4882 iiber.
899 4828 1020 4899 Lipsiae,
1037 4843 1058 4885 m
1073 4841 1140 4883 occu
1153 4839 1274 4884 Lxxxlx.
