3706 5748
887 1321 1037 1396 CAPUT
1065 1324 1108 1394 lll

436 1617 524 1674 QUID
559 1617 644 1666 NOVI
687 1615 734 1664 DE
773 1613 901 1663 VERBIS
939 1613 1208 1674 NOMINIBUSQUE
1244 1613 1480 1664 DEGLINANDlS
1512 1613 1558 1662 AC

742 1748 932 1820 uuulvnuis
958 1749 1156 1800 NOTANDUM
1182 1749 1249 1798 SIT.

486 1985 657 2058 Nondum
678 1983 715 2056 in
731 1982 826 2056 libro
841 1981 1005 2056 Marcelli
1019 1984 1181 2080 reperire
1197 1991 1253 2057 est
1266 1983 1351 2058 illas
1363 1982 1555 2057 nominum
1619 1962 1625 1972 ’

438 2118 709 2214 verborumque
731 2117 879 2206 formas,
899 2141 992 2211 quae
1012 2118 1170 2192 maxime
1191 2123 1275 2213 post
1294 2141 1433 2192 annum
1455 2141 1556 2190 cona

438 2251 679 2350 scriptoribus
708 2235 876 2348 receptae
904 2255 1003 2340 sunt,
1027 2277 1062 2324 v.
1099 2275 1133 2347 g.
1169 2251 1266 2348 apud
1295 2251 1555 2346 Fredegarium

435 2389 558 2458 callens
578 2409 644 2483 pro
660 2387 786 2474 volone,
801 2384 1226 2480 antiquioresve‘lormas
1239 2390 1293 2458 sto
1306 2386 1367 2459 vel
1381 2388 1468 2457 stom
1488 2407 1556 2481 pro

434 2525 512 2607 sim,
535 2523 597 2593 aut
619 2503 831 2616 praesentes
859 2519 1113 2616 conjunctivus
1135 2519 1172 2591 in
1200 2545 1251 2592 em
1274 2526 1336 2593 aut
1356 2525 1403 2592 tm
1419 2542 1484 2616 pro
1501 2543 1557 2590 om

436 2653 660 2741 desinentes,
678 2653 975 2749 imperfectisque
999 2652 1202 2727 clausulam
1220 2658 1267 2726 tu
1282 2654 1337 2726 vel
1354 2658 1405 2725 bet
1420 2676 1485 2750 pro
1502 2657 1558 2726 bot

435 2787 660 2884 impositam.
702 2789 866 2861 Necdum
900 2787 1010 2860 etiam
1039 2812 1124 2874 mua,
1165 2801 1230 2876 tua,
1264 2813 1319 2860 sus
1347 2788 1384 2860 in
1415 2789 1556 2861 cunctis

435 2920 580 2995 casibus
612 2920 888 3017 usurpabamus
908 2944 973 3017 pro
993 2944 1098 3008 meua,
1130 2933 1218 3006 tuus,
1243 2946 1337 2993 auus.
1361 2922 1436 2993 Hoc
1458 2921 1555 2993 enim

435 3077 640 3149 nunquam,
656 3076 766 3149 quom
788 3053 1017 3127 deMarcello
1030 3076 1089 3126 res
1108 3054 1241 3150 agitur,
1264 3053 1554 3128 obliviscendum

435 3194 504 3276 est,
523 3212 620 3275 eum,
644 3188 712 3260 etsi
733 3188 925 3285 proximus
945 3187 1111 3260 barbaris
1132 3188 1360 3284 temporibus
1380 3188 1556 3260 barbaro-

435 3345 590 3416 rumque
621 3321 743 3416 regnis
777 3321 882 3409 vixit,
918 3328 1041 3393 tamen
1069 3322 1276 3395 Theodosio
1306 3328 1481 3416 regnante
1517 3346 1557 3394 ac

434 3461 583 3550 regente
615 3455 766 3541 Gallias,
796 3456 833 3525 in
855 3455 1018 3526 studium
1052 3469 1159 3528 suum
1187 3455 1415 3545 incubuisse;
1444 3455 1556 3527 vitam

435 3588 554 3683 egisse
568 3588 753 3676 eumdem,
774 3587 898 3659 nonin
920 3587 1144 3660 Francorum
1158 3588 1252 3660 villis
1268 3587 1467 3683 regalibus
1492 3588 1556 3660 sed

435 3720 533 3794 intra
560 3720 849 3815 Burdigalenses
880 3720 1122 3816 professores,
1145 3720 1243 3792 viros
1259 3721 1553 3810 eruditissimos;

436 3880 555 3952 neque
575 3856 683 3930 illum
714 3855 954 3928 barbarorum
982 3854 1248 3928 consuetudine
1268 3855 1557 3929 arcetisusibus

437 3988 645 4076 deflexisse,
670 3988 804 4084 quippe
823 3986 885 4082 qui
905 3988 941 4058 in
964 3986 1080 4059 Gallia
1102 3987 1322 4083 jamdudum
1342 4011 1362 4059 a
1381 3988 1571 4060 Romanis*

437 4129 541 4221 capta
553 4147 671 4218 neque
694 4122 844 4195 adhuca
860 4121 1024 4194 barbaris
1040 4124 1181 4194 devicta
1198 4122 1420 4217 subactaque
1445 4101 1563 4193 vitam

438 4257 564 4354 egerit,
589 4260 657 4330 boc
673 4267 727 4329 est
749 4280 858 4352 quom
876 4259 1034 4328 maxime
1069 4257 1163 4330 Galli
1188 4281 1277 4353 pure
1298 4255 1558 4352 eleganterque

436 4394 537 4488 loqui
549 4395 767 4490 potuissent.
783 4392 932 4464 barbari
950 4392 1205 4480 imminebant,
1223 4392 1287 4463 sed
1299 4392 1557 4462 tantummodo

437 4528 693 4613 imminebant,
718 4551 783 4599 nec
797 4527 967 4620 cuiquam
988 4525 1024 4598 in
1040 4525 1157 4598 Gallia
1178 4525 1305 4597 stilum
1330 4546 1556 4597 sermonem-

438 4684 508 4756 que
536 4659 675 4755 impetu
712 4681 778 4732 suo
815 4659 1076 4744 turbaverant;
1118 4681 1184 4728 nec
1217 4657 1294 4752 jam
1334 4656 1443 4744 Galli,
1483 4655 1556 4726 nisi
