1071 1573
456 226 554 243 -37—

226 273 271 292 dum
289 273 441 298 pronuntiatione
456 273 528 291 resecta
544 273 601 296 atque
613 273 709 296 amputata
728 271 787 291 multo

226 307 312 326 breviora
328 307 400 330 fierent,
413 308 470 331 atquo
485 307 533 325 hanc
546 305 569 324 ob
582 311 657 324 causam
670 306 788 330 compositio-

226 341 281 359 nibus
297 341 385 360 libentius
401 335 456 365 quani
471 340 503 359 ubi
518 339 598 358 maxime
612 340 741 364 augerentur?
754 340 787 363 Ac,

226 375 339 397 mehercule,
345 375 367 397 si,
375 375 457 399 perlecto
463 373 546 393 Marcelli
554 379 616 398 opere,
621 379 658 392 non
666 373 788 393 dubitandum

213 427 214 430 ,
226 410 254 428 est
266 409 311 434 quin
323 409 442 428 vernaculam
452 408 515 433 aliqua
523 414 546 427 ex
556 409 607 432 parte
616 407 699 432 linguam
709 413 788 432 usurpa-

226 442 279 466 verit,
288 444 351 462 tamen
360 443 395 462 hoc
408 443 448 462 sina
459 441 587 461 controversia
596 441 632 460 erit
642 442 788 466 agnoscendum,

225 476 287 499 illum,
304 477 353 501 quad
369 477 391 496 ad
406 476 551 501 compositiones
568 475 701 494 vocabulorum
716 476 788 498 attinet,

224 516 282 535 quam
292 511 369 529 minime
377 517 396 529 sa
405 510 520 535 praestitisse
529 510 552 529 nh
566 516 602 529 usu
618 510 730 534 scriptorum
741 509 789 534 opti-

225 550 299 563 morum
312 544 420 564 distantem.

249 612 275 631 De
283 612 358 631 vocibus
365 612 452 631 derivatis
458 612 513 631 aliter
516 611 638 636 judicandum
645 613 674 630 est
681 618 685 635 ;
693 612 727 631 hac
738 612 788 631 enim

224 652 247 664 ax
261 647 313 671 parte
323 646 381 666 multo
395 646 454 671 magis
465 652 485 665 se
499 652 541 665 cum
554 652 589 665 usu
604 645 700 664 Gallorum
712 651 788 665 accom-

225 679 314 699 modavit.
326 680 418 703 Diximus,
429 686 463 699 nec
473 679 547 704 longius
557 679 699 698 memorandum
713 681 742 698 est
750 686 787 704 quo

224 712 281 730 modo
287 706 377 730 vocabula
386 712 476 734 Romana,
487 711 518 730 ubi
526 711 700 735 transmigraverint
711 711 731 730 in
743 711 786 730 Gal-

224 745 330 768 liam‚brevi
335 745 486 764 sintadulterata:
493 751 573 769 namque
578 746 596 764 et
603 745 679 767 milites,
685 745 725 764 loco
730 751 785 770 saepe

221 779 300 798 obscuro
309 776 347 798 n'ati
358 785 417 804 neque
427 779 454 798 ita
463 780 511 798 recte
520 779 625 804 loquentes,
635 779 688 798 facile
699 779 785 799 breviora

221 814 343 833 enuntiabant
356 807 464 836 vur:abula;⁴
473 813 559 838 princeps
574 813 645 832 aflectis
660 814 736 832 accentu
749 814 785 839 syl-

222 847 270 866 labis
277 847 394 866 tribuebatur
401 847 463 870 locus;
473 848 544 866 ceterae
552 853 596 865 mox
603 847 719 870 labebantur,
727 847 785 866 omis-

222 882 248 900 sis
257 881 287 900 vel
300 881 394 900 vocalibus
403 881 433 900 vel
444 881 590 900 consonantibus
598 891 621 895 --
634 881 784 906 quandoquidem

222 915 294 934 sublata
304 915 363 934 vocali
371 916 495 934 consonantes
507 921 557 934 nunc
567 917 699 934 concurrentes
708 915 739 934 vix
747 921 786 934 om—

221 955 254 968 nes
269 949 367 967 distinctae
381 949 523 973 proferebantur
537 959 568 971 —,
588 949 634 967 adeo
652 950 672 967 ut
691 949 786 968 breviores

222 989 283 1005 voces,
302 982 318 1001 si
331 982 377 1001 tales
392 982 546 1007 permansissent,
562 982 601 1007 j'am
622 988 660 1001 non
681 982 785 1001 intellectae

223 1018 285 1035 esseni
295 1022 329 1034 nec
339 1022 397 1040 paene
405 1015 429 1034 ab
442 1016 561 1034 audientibus
571 1017 675 1040 perceptae.
683 1016 709 1034 lta
718 1016 785 1034 sactum

223 1051 280 1068 estut
294 1050 373 1068 celerius
389 1050 408 1068 in
419 1049 520 1074 provinciis
533 1049 688 1074 potissimumque
698 1050 717 1068 in
726 1049 786 1069 Gallia

208 1102 212 1105 ,
221 1083 312 1102 contritus
319 1083 349 1106 sit,
360 1085 380 1102 ut
389 1083 415 1102 ita
421 1083 487 1106 dicam,
497 1089 565 1106 sermo,
572 1089 610 1102 non
617 1085 710 1102 senectute
717 1083 784 1106 solum.

222 1117 255 1136 sed
262 1117 318 1136 etiam
331 1117 368 1136 loci
378 1117 520 1136 consuetudine.
533 1117 580 1139 Quid
594 1119 658 1141 postea
665 1117 674 1135 2
683 1117 744 1136 Verba
753 1123 786 1136 no-

222 1151 309 1175 minaque
320 1151 373 1175 quasi
384 1152 450 1175 sponte
466 1157 499 1170 sua
512 1151 620 1169 crescebant
629 1157 650 1169 ac
660 1151 787 1175 producehaw

223 1186 254 1204 tui·
263 1185 282 1203 in
290 1185 439 1209 longitudinem3
455 1184 520 1203 ultima.
533 1191 584 1209 pars,
594 1191 641 1209 quae
653 1185 738 1204 vocabuli
747 1186 787 1203 tan-

224 1224 279 1243 quam
298 1219 356 1238 cauda
371 1220 405 1241 est,
423 1218 442 1237 in
460 1218 500 1237 dies
514 1218 570 1237 fiebat
584 1218 670 1243 amplior,
689 1220 786 1243 postquam

223 1252 295 1276 priscus
304 1252 391 1271 vocabuli
398 1252 440 1271 finis
450 1252 600 1276 pronuntiatione
609 1252 676 1271 vitiosa
685 1252 786 1271 interierat.
